3700 5609
579 635 582 642 ·
661 610 768 680 nnn
788 613 829 683 V.
874 638 904 679 v.
928 620 1119 683 463-484.

355 783 616 876 Ructantemque
638 794 761 875 patrem
782 793 885 865 natoS,
908 785 1074 876 solemque
1096 807 1271 869 reversum,

356 894 399 961 Et
420 915 556 961 caecum
578 896 646 961 sine
668 892 737 959 sole
760 893 859 976 diem,
882 892 1037 961 Thebana
1058 895 1178 963 iuvabit

308 1021 344 1063 ⁴⁶⁶
357 1003 478 1071 Dicere
501 1002 582 1070 bella
607 1005 697 1085 uteri,
719 1005 918 1093 mixtumque
942 1005 972 1067 iu
991 1006 1093 1071 ¹tratre
1114 1017 1294 1094 parentem3

357 1116 525 1201 Quaerent
546 1113 681 1179 Medeae
701 1122 794 1178 nntos
817 1115 1010 1204 fratremque
1033 1124 1230 1205 patremque,

355 1224 441 1291 Hinc
463 1225 574 1304 vestis,
594 1222 681 1290 illinc
703 1223 848 1289 flammas
870 1246 929 1313 pro
951 1247 1084 1292 munere
1106 1227 1228 1308 missas,

355 1333 551 1422 Adriamque
574 1332 694 1421 sugam,
714 1343 871 1423 natosque
895 1357 937 1400 ex
957 1335 1082 1423 ignibus
1105 1358 1221 1419 annos3

355 1442 443 1511 Mitte
467 1440 545 1507 alias
569 1463 676 1510 rerurn
698 1443 822 1531 species
844 1445 876 1507 in
899 1445 1040 1509 carmina
1062 1444 1198 1527 ducent3

302 1570 347 1613 rao
357 1553 507 1621 Forsitan
528 1553 599 1640 ipse
622 1553 717 1616 etiam
732 1551 892 1641 -Cepheus
915 1554 1070 1619 referetur
1089 1554 1121 1618 in
1145 1564 1243 1621 actus.

354 1663 447 1730 Etsi
471 1664 540 1752 quis
564 1660 669 1727 studio
692 1661 851 1727 scribendi
873 1663 979 1727 mitior
999 1662 1064 1744 ibit,

356 1773 492 1840 Comica
515 1780 689 1861 componet
710 1770 801 1838 laetis
824 1771 1008 1861 spectacula
1029 1771 1121 1854 ludis,

355 1882 508 1949 Ardentis
529 1883 673 1963 iuvenes,
695 1891 868 1971 raptasque
887 1882 920 1946 in
945 1903 1053 1949 amore
1075 1884 1209 1972 puellas,

355 1991 539 2082 Elusosque
563 2015 672 2073 senes,
699 1991 862 2081 agilesque
884 2015 943 2080 per
965 1995 1071 2060 onmia
1094 2019 1215 2076 servoS,

302 2104 440 2188 sasQuis
462 2104 495 2167 iu
519 2112 635 2169 cuncta
657 2124 748 2168 suurn
770 2100 922 2189 produxit
943 2096 1073 2170 saecula
1095 2107 1193 2171 vitant

355 2213 493 2281 Doctior
514 2211 593 2279 urbe
615 2236 672 2279 sua
694 2211 824 2301 linguae
847 2210 906 2276 sub
929 2212 1007 2277 flore
1029 2213 1213 2293 Menander,

355 2324 420 2409 Qui
441 2324 527 2389 vitae
551 2322 690 2388 ostendit
710 2321 810 2385 vitam
832 2319 1013 2411 chartisque
1035 2324 1180 2388 sacravit.

356 2433 399 2500 Et
421 2434 448 2498 si
471 2442 559 2498 tanta
582 2452 717 2521 operum
739 2433 823 2496 vires
848 2441 1029 2497 commenta
1050 2434 1206 2522 negarint,

354 2543 414 2612 His
438 2542 553 2610 dexter
574 2550 682 2607 tamen
705 2550 795 2607 actor
817 2539 892 2623 erit,
905 2564 992 2608 nuuc
1014 2565 1096 2610 voce
1118 2546 1230 2634 poe'tis,

307 2654 454 2727 teoNunc
476 2653 573 2718 tacito
597 2661 700 2739 gestu,
721 2652 900 2741 referetque
923 2653 1087 2720 affectibus
1110 2677 1176 2736 ora,

354 2764 396 2831 Et
419 2787 478 2833 sua
501 2762 635 2829 dicendo
658 2763 762 2841 faciet,
784 2760 936 2852 solusque
958 2786 1016 2851 per
1038 2764 1140 2828 omnis

355 2873 414 2942 lbit
435 2895 592 2964 personas
615 2882 645 2938 et
669 2872 792 2937 turbam
815 2871 928 2939 reddet
949 2872 981 2936 in
1003 2894 1084 2952 uno;

355 2985 422 3053 Aut
444 3006 580 3075 magnos
602 2979 717 3049 heroas
738 2991 814 3071 aget
835 2983 977 3071 civisque
1000 2989 1141 3071 togatos3

357 3094 470 3162 Omnis
493 3095 638 3160 fortunae
660 3091 785 3158 vultum
806 3113 865 3182 per
885 3091 1029 3166 membra
1050 3092 1191 3174 reducet,

302 3377 377 3440 ku.
390 3379 449 3438 467
469 3380 618 3447 Quaerere
717 3396 741 3433 v.
755 3378 812 3436 468
834 3386 988 3452 vectusque
1085 3397 1109 3434 v.
1124 3378 1181 3436 470
1200 3388 1297 3454 gestus
1317 3411 1355 3421 --
1374 3382 1444 3438 actis

348 3476 375 3514 v.
389 3457 446 3523 476
468 3458 538 3513 orbe
559 3474 610 3511 suo
698 3472 723 3509 v.
738 3454 796 3512 477
817 3455 931 3509 vita-
952 3463 1109 3530 cursusque
1191 3475 1216 3512 v.
1230 3458 1286 3515 479
1305 3455 1438 3514 Externis
1458 3490 1496 3499 —

348 3543 433 3611 aptus
533 3530 629 3588 vdeo
649 3531 752 3605 Satyro
773 3550 800 3606 g.
821 3564 858 3571 »-
880 3530 1013 3587 affatibus
1112 3533 1208 3590 utet
1225 3534 1309 3590 irnnrn
1401 3535 1495 3592 caes

348 3610 501 3685 scenisque

302 3736 324 3795 30
347 3753 374 3796 t.
388 3738 447 3797 467
467 3738 616 3806 Quaerere
715 3754 739 3793 v.
753 3737 811 3794 468
831 3746 985 3812 rectosque
1081 3737 1177 3795 utne
1197 3740 1321 3794 carmine
1399 3758 1425 3795 v.
1439 3738 1513 3797 470·

348 3825 446 3891 gestus
525 3834 550 3872 v.
564 3816 619 3873 471
641 3816 678 3869 At
744 3832 769 3869 r.
784 3814 841 3870 476
859 3814 969 3870 Doctor
987 3814 1016 3869 in
1085 3815 1179 3872 utto
1200 3824 1229 3869 ut
1248 3817 1282 3870 A.
1341 3813 1494 3872 uddosa-

348 3901 413 3949 turo
492 3911 516 3951 r.
530 3891 587 3949 483
608 3892 758 3966 scenisque
775 3898 887 3963 togatas

302 4019 327 4080 3.
346 4018 446 4077 utet
467 4019 531 4076 lure
647 4038 672 4075 r.
687 4018 743 4075 466
765 4018 842 4085 Quin
862 4028 905 4075 est
1003 4038 1026 4075 r.
1041 4019 1097 4075 468
1121 4019 1288 4094 iunctosque
1315 4020 1343 4073 in
1369 4019 1495 4075 curribus

332 4115 458 4182 ..angues
538 4114 562 4153 r.
578 4096 634 4154 476
654 4096 763 4151 Doctor
783 4097 811 4151 iu
890 4096 985 4152 utto
1007 4104 1036 4151 ut
1055 4102 1088 4153 A.
1167 4114 1206 4152 vs.
1221 4095 1277 4154 483
1298 4095 1396 4151 eiicit.·'

302 4224 327 4282 V.
347 4243 374 4283 v.
387 4225 445 4284 466
470 4227 578 4295 Qrtocro
597 4230 664 4279 tarne
684 4222 730 4279 dee
749 4223 783 4279 L.
806 4225 837 4292 (a
858 4242 931 4278 corr.
951 4242 966 4278 s
987 4224 1115 4300 appicta,
1144 4232 1172 4276 ct
1192 4225 1231 4280 ita
1251 4224 1287 4278 V.
1299 4228 1340 4279 1.:
1372 4223 1496 4294 Quonos

347 4310 381 4361 tu
400 4321 436 4361 ne
449 4301 520 4375 dee.)
545 4303 603 4371 Quo
621 4306 718 4356 rotano
737 4298 783 4355 dee
795 4300 831 4356 V.
844 4304 871 4355 2.
891 4300 954 4370 Euo
970 4300 1087 4355 correxi.
1168 4318 1192 4355 v.
1207 4298 1264 4356 467
1283 4303 1367 4357 uestis
1387 4320 1493 4359 ornnes.

346 4395 372 4437 v.
386 4379 446 4437 468
465 4385 559 4434 nectos
578 4377 653 4433 VA.
676 4377 710 4432 (ἶ.
730 4382 824 4432 nectos
843 4377 877 4433 L.
899 4382 985 4433 statos
1003 4377 1039 4432 V.
1051 4381 1078 4432 2.
1099 4376 1162 4450 Ego
1182 4377 1303 4433 correxi.
1400 4398 1424 4434 v.
1439 4378 1495 4436 470

311 4489 326 4516 ·=.
346 4455 439 4529 deus
459 4454 496 4511 V.
506 4459 534 4510 2.
555 4456 585 4510 in
605 4456 675 4510 aotts
695 4452 729 4507 1..
750 4453 786 4509 V.
797 4457 825 4510 2.
847 4472 919 4509 corr.
941 4452 1017 4509 Scat.
1118 4471 1142 4507 r.
1156 4453 1212 4510 473
1233 4452 1366 4511 Ardeatis
1386 4465 1493 4511 ornnes.

308 4559 310 4564 ·
338 4549 375 4590 ιν.
388 4532 447 4592 476
468 4532 586 4588 Doctior
605 4528 667 4586 orbe
685 4546 738 4585 sou
765 4547 870 4588 ornnes.
898 4547 970 4584 corr.
999 4530 1076 4585 Scal.
1117 4531 1235 4587 Doctior
1254 4529 1343 4588 doctis
1360 4530 1492 4598 Athenin

303 4615 460 4686 ‘····argute.
570 4625 593 4662 v.
608 4607 665 4664 477
684 4607 749 4687 nito
774 4625 881 4663 ornnes.
903 4623 975 4661 corr.
997 4606 1074 4662 Scat.
1183 4625 1207 4663 v.
1221 4607 1277 4665 479
1297 4610 1440 4664 Ησεισπιίε
1459 4605 1492 4660 t..

308 4683 316 4736 Ι
341 4685 386 4754 zv,
398 4689 427 4744 2.
448 4691 530 4744 auos
551 4701 659 4739 omnes.
680 4682 743 4755 Ego
764 4683 883 4740 correxi.
993 4701 1018 4739 v.
1031 4684 1089 4740 480
1108 4686 1195 4741 tacito
1215 4684 1251 4740 V.
1263 4688 1291 4739 2.
1396 4698 1423 4736 r.
1437 4678 1493 4736 483

346 4764 495 4838 eoum
512 4767 631 4835 toqatns
651 4776 759 4817 omues.
789 4760 851 4836 Ego
872 4759 992 4816 correxi.
