3700 5609
328 616 390 683 162
458 601 461 605 ’
677 608 799 684 ,Lissa
821 608 874 680 lv.
918 635 948 677 v.
973 619 1163 680 oro-oss.

390 784 435 852 Ut
456 783 539 849 bene
563 784 715 872 cognosci
737 782 847 872 possit,
871 781 1051 871 doceatque
1072 778 1228 860 videndis,

391 892 502 979 Qualis
525 903 585 976 ent,
609 902 767 984 cogatque
791 916 865 959 suas
888 889 1054 958 attendere
1076 888 1174 979 leges.

340 1023 380 1061 ⁰20
392 1001 463 1094 lpse
486 1013 587 1071 vocnt.
605 1004 727 1069 animos
750 1013 877 1070 nostros
900 1000 941 1069 ad
964 998 1068 1066 sideru
1091 998 1240 1081 mundns,

391 1114 462 1182 Nec
484 1115 612 1204 patitur,
635 1115 795 1202 quianon
818 1112 937 1193 condit,
959 1134 1016 1177 sua
1039 1111 1108 1175 iuro
1131 1105 1241 1175 latere.

392 1225 472 1310 Quis
496 1233 588 1313 putet
610 1247 682 1289 esse
704 1225 794 1290 nefas
817 1224 916 1302 nosci,
939 1220 1025 1311 quod
1047 1240 1180 1289 cernere
1201 1219 1249 1286 ias
1274 1221 1351 1290 est?

389 1334 460 1402 Nec
484 1342 653 1399 contemne
676 1341 746 1398 tuas
770 1332 861 1421 quasi
877 1353 978 1420 parvo
1001 1330 1032 1394 in
1056 1351 1192 1418 corpore
1215 1331 1318 1413 vires3

390 1446 463 1528 Quo
486 1441 582 1523 valet,
604 1444 797 1508 immensum
820 1450 877 1507 est.
922 1442 968 1506 sic
995 1440 1063 1505 auri
1084 1438 1228 1528 pondera
1250 1443 1345 1531 parvi

278 1593 282 1600 -
339 1552 598 1642 nsExsuperant
618 1552 719 1641 pretio
742 1574 933 1617 numerosos
953 1551 1034 1617 aeris
1057 1558 1199 1618 acervos.
1406 1554 1409 1559 ’

390 1664 445 1730 Sic
467 1662 609 1742 adamas,
631 1671 784 1752 punctum
806 1659 930 1750 lapidis,
952 1661 1121 1749 pretiosior
1143 1683 1221 1727 auro
1244 1669 1303 1728 est.

389 1771 530 1840 Parvula
553 1773 597 1837 sic
621 1779 723 1836 totum
744 1770 877 1859 pervisit
898 1769 1019 1860 pupulo
1042 1770 1177 1851 caelum,

391 1880 661 1974 Quoquevident
683 1880 776 1961 oculi,
798 1881 964 1948 minimum
987 1891 1045 1962 est,
1068 1884 1305 1952 cummaxime
1330 1894 1477 1957 cernant.

392 1994 447 2059 Sic
471 1991 566 2057 animi
589 1988 692 2069 sedes,
715 1991 802 2055 tenui
825 1990 884 2056 sub
907 1990 1005 2057 corde
1028 1990 1142 2074 locata,

340 2102 456 2168 ourPer
478 2108 580 2166 totum
603 2107 739 2187 angusto
763 2108 876 2187 regnat
898 2100 939 2166 de
961 2099 1061 2168 limite
1083 2125 1210 2193 corpus.
1292 2091 1294 2098 ¹

388 2211 542 2279 Materiae
565 2231 606 2273 ne
629 2229 748 2296 quaere
770 2208 912 2291 modum,
935 2211 992 2278 sed
1014 2213 1161 2301 perspice
1183 2214 1278 2296 vires,

390 2322 479 2408 Quas
501 2314 592 2398 ratio,
614 2340 678 2384 non
701 2318 827 2406 pondus
849 2316 956 2386 habet
999 2321 1079 2389 ratio
1096 2325 1210 2403 omnia
1230 2323 1363 2393 vincit:-

389 2433 440 2499 Ne
464 2428 587 2496 dubites
610 2410 730 2492 homini
753 2428 877 2494 divinos
900 2430 1030 2497 credere
1054 2432 1157 2514 visus3

387 2537 454 2606 lam
478 2538 553 2603 facit
574 2536 642 2624 ipse
666 2534 754 2618 deos,
779 2537 936 2627 mittitque
959 2539 999 2605 ad
1022 2540 1126 2607 sidera
1148 2563 1278 2626 numen,

323 2655 375 2707 '9³⁵
389 2647 491 2715 Maius
515 2654 548 2713 et
568 2646 715 2734 Augusto
739 2655 864 2713 crescet
885 2648 943 2715 sub
967 2649 1110 2740 principe
1134 2650 1267 2722 caelum.

322 2867 355 2923 A.
382 2885 407 2922 v.
422 2868 478 2925 918
499 2861 622 2920 videndo
702 2860 978 2940 remouerique
1064 2885 1090 2923 v.
1105 2867 1161 2928 924
1181 2868 1247 2937 Quo
1318 2874 1533 2944 v.92eQU0d.

380 2961 435 3019 que
513 2958 539 2996 r.
554 2940 609 2997 935
631 2938 734 2995 crescit
965 2981 974 3003 ⁴

322 3070 354 3127 S,
382 3089 406 3125 v.
421 3072 478 3128 918
499 3065 622 3124 ridendo
713 3084 737 3121 r.
751 3069 808 3124 919
830 3065 989 3143 doceatque
1081 3090 1106 3127 v.
1121 3075 1178 3130 922
1197 3083 1280 3152 putat
1369 3082 1472 3142 v.923
1491 3080 1533 3138 Ne

379 3164 405 3201 v.
419 3145 475 3203 935
497 3144 599 3199 crescit

285 3272 359 3330 ³B.
385 3290 411 3326 v,
426 3275 483 3329 918
502 3274 658 3346 pateatque
679 3266 818 3325 videndus
935 3290 961 3327 v.
976 3276 1031 3332 919
1053 3272 1212 3352 doceatque
1325 3284 1424 3341 unet
1445 3282 1534 3352 Quod

380 3367 404 3404 v.
419 3349 475 3406 935
496 3346 599 3407 crescit

321 3474 358 3532 V.
379 3494 405 3531 v.
419 3479 476 3533 918
496 3472 620 3531 otdcudto
636 3491 743 3529 ornnes.
855 3492 879 3528 v.
892 3477 947 3533 919
971 3474 1119 3552 doceatque
1138 3481 1248 3538 ceteri·
1262 3490 1396 3559 eopotquc
1416 3487 1454 3545 V.
1465 3493 1496 3547 2.

379 3570 404 3607 v.
418 3554 476 3607 922
493 3555 575 3625 potat
595 3568 703 3606 omnes.
725 3567 796 3604 corr.
818 3548 851 3605 P.
868 3549 1006 3609 Francius
1027 3562 1056 3611 et
1074 3552 1110 3611 B.
1160 3557 1201 3613 Ac
1242 3568 1335 3618 oternt
1354 3565 1469 3622 servari
1489 3568 1532 3624 in·

379 3627 527 3682 dicativus.
625 3642 649 3682 v.
664 3623 720 3683 924
744 3625 804 3695 Quo
823 3624 859 3680 V.
872 3629 899 3682 2.
920 3628 955 3683 L.
978 3629 1044 3708 (sed
1064 3649 1081 3687 a
1103 3651 1175 3691 corr.
1197 3575 1239 3691 ad

381 3704 492 3778 Quoquo
512 3718 619 3760 omnes.
737 3719 763 3757 v.
778 3702 835 3760 934
853 3700 933 3773 fucis
953 3705 1098 3779 (calfacit
1117 3712 1207 3783 corr.)
1226 3712 1261 3769 L.
1281 3711 1357 3785 sotio
1375 3715 1414 3774 V.
1435 3723 1466 3776 2.

379 3798 403 3837 v.
418 3780 474 3838 936
495 3786 595 3837 crescet
615 3796 722 3835 omnes.
764 3776 830 3845 Quo
855 3776 935 3834 finito
959 3782 1015 3839 hoc
1039 3783 1110 3840 libro
1135 3787 1294 3863 Augustum
1318 3790 1452 3852 nondum
1481 3814 1533 3854 ex-

379 3857 501 3916 cessisse
521 3875 537 3915 e
559 3858 615 3916 rita
635 3865 664 3915 et
682 3857 757 3912 inter
775 3852 847 3911 deos
865 3853 987 3915 relatum
1007 3877 1071 3918 esse
1092 3870 1200 3920 certum
1220 3873 1265 3923 est
1280 3873 1309 3923 et
1320 3866 1532 3931 confirmatum.

1237 3634 1265 3692 d·
1287 3635 1328 3708 d·)
1436 3660 1463 3700 r.
1478 3646 1533 3702 928
