3700 5609
449 618 495 662 XX

450 763 611 843 cidissem,
632 763 753 829 factum
775 771 833 842 est,
856 770 892 827 ut
913 784 1012 850 saepe
1033 783 1146 850 parum
1169 760 1324 827 subtiliter
1341 760 1570 846 interpretatus
1589 780 1643 823 ess

449 912 585 981 possem
605 888 716 955 videri.
759 889 909 979 exemplo
941 912 1009 955 rem
1037 889 1221 977 transigam.
1266 886 1307 953 ad
1336 885 1388 969 lll,
1410 882 1475 951 473
1502 887 1643 980 ouantia

451 1022 587 1097 damna,
614 1016 686 1083 dico
715 1038 788 1082 esse
818 1023 1011 1104 exaequari.-
1051 1015 1138 1105 quod
1171 1013 1340 1081 ridiculum
1368 1012 1482 1079 leviter
1507 1010 1643 1078 iudicant

450 1141 545 1210 facile
569 1143 723 1210 videatur.
767 1143 835 1209 Sed
857 1165 909 1209 res
926 1144 969 1208 ita
993 1142 1156 1209 sehabet
1198 1142 1274 1232 Agit
1294 1150 1389 1231 poeta
1412 1162 1472 1205 sex
1493 1140 1643 1227 signorun

368 1245 370 1250 Ι
450 1268 701 1359 a‘Capricorno.
717 1269 758 1335 ad
782 1270 937 1337 Geminos
965 1271 1063 1336 ducto
1086 1267 1235 1359 exemplo
1264 1268 1304 1334 de
1331 1266 1404 1357 lege
1431 1264 1601 1346 horarum,
1628 1286 1643 1330 e

450 1396 565 1487 quibus
587 1396 698 1487 spatiis
721 1400 864 1463 noctium
887 1398 1053 1464 dierumve
1070 1396 1260 1463 detrimenta
1276 1392 1451 1462 crescendo
1467 1414 1527 1458 sua
1543 1391 1643 1457 damn

375 1539 380 1545 ·
449 1531 610 1611 reparent,
631 1522 779 1612 explicat.
822 1522 896 1591 linc
919 1545 1123 1613 consequens
1144 1532 1207 1603 est,
1229 1531 1266 1588 ut
1286 1543 1360 1588 cum
1391 1518 1508 1585 damna
1535 1520 1643 1585 dierun

448 1650 657 1740 noctiumque
686 1649 906 1730 cumulentur,
939 1648 1034 1717 simul
1062 1652 1146 1717 iusta
1175 1673 1213 1717 ea
1239 1658 1400 1737 tempora,
1430 1670 1448 1712 a
1475 1646 1591 1737 quibus
1621 1668 1643 1712 e

449 1777 543 1866 signa
573 1785 648 1845 ante
674 1786 809 1867 accepta
840 1777 959 1844 damna
988 1778 1147 1857 exierant,
1179 1783 1410 1865 exaequentur.
1454 1795 1529 1840 cum
1552 1780 1643 1839 auter

451 1925 491 1970 ea
525 1911 709 1993 temporum
741 1906 933 1994 exaequatio
966 1927 1053 1971 nunc
1087 1904 1273 1985 doceretur,
1305 1902 1346 1966 ad
1376 1922 1448 1967 eam
1475 1901 1643 1989 ipsam,u

449 2037 541 2095 recte
560 2028 802 2120 intelligeretur,
826 2027 890 2096 loci
911 2031 1131 2119 interpretatio
1155 2029 1255 2097 verbo
1277 2027 1435 2095 llectenda
1451 2036 1527 2092 erat
1572 2028 1643 2112 Qua

449 2164 587 2245 propter
609 2177 730 2247 aequos
753 2154 866 2221 harum
890 2179 997 2223 rerum
1019 2156 1140 2224 iudices
1162 2164 1293 2245 rogatos
1317 2154 1428 2236 velim,
1454 2162 1492 2219 ut
1510 2151 1588 2218 nihil
1608 2176 1643 2219 m

452 2284 555 2351 obiter
586 2284 691 2374 egisse
725 2283 931 2365 arbitrentur,
963 2284 1020 2350 sed
1055 2291 1228 2373 antequam
1261 2281 1538 2373 interpretationes
1571 2301 1643 2346 mea

452 2412 627 2500 exagitent,
650 2434 760 2477 earum
782 2433 897 2478 causas
919 2411 1089 2500 inquirant.
1134 2409 1201 2477 Sed
1223 2408 1365 2475 mbricas
1395 2406 1513 2473 multas
1541 2406 1643 2474 deseri

451 2536 531 2604 bere
552 2537 656 2622 nolui3
679 2539 735 2605 vix
758 2540 843 2604 enim
866 2560 1009 2628 unquam
1038 2540 1187 2626 cuiquam
1214 2535 1353 2625 placent.
1399 2513 1512 2625 ltaque
1536 2533 1643 2624 singul

450 2664 518 2730 lere
544 2666 651 2732 omnia
677 2666 802 2747 notavi3
831 2687 873 2731 ex
901 2664 1016 2755 ‹pribus
1044 2663 1097 2754 qui
1123 2662 1213 2752 leges
1241 2662 1449 2749 indagaturus
1473 2670 1536 2750 est,
1568 2659 1643 2729 lacil

452 2789 662 2858 collectiones
682 2794 752 2881 ipse
772 2791 924 2858 instituet
969 2790 1065 2876 Quod
1087 2798 1196 2856 autern
1219 2811 1291 2857 meo
1314 2789 1430 2856 iudicio
1448 2811 1565 2879 parum
1584 2812 1643 2857 con

450 2914 608 3001 fidebam3
637 2940 714 2985 nam
739 2918 771 2984 in
800 2916 898 3010 longa
921 2916 1054 2985 alicuius
1078 2918 1311 2986 consuetudine
1333 2938 1371 2982 ea
1393 2914 1504 2983 videre
1525 2926 1560 2983 ct
1581 2917 1643 2983 acri

450 3053 501 3110 ter
529 3046 649 3113 sentire
679 3045 897 3115 desuescimus
925 3068 1009 3135 quae
1036 3048 1104 3113 eius
1132 3037 1273 3111 maxime
1301 3045 1430 3134 propria
1451 3051 1542 3126 sunt;
1570 3043 1643 3110 adiu

451 3179 522 3237 tore
543 3171 744 3261 perlibrum
771 3180 859 3238 certe
884 3172 1024 3260 primum
1053 3194 1130 3237 usas
1157 3196 1229 3237 sum
1258 3170 1442 3253 blantelsio,
1469 3171 1573 3238 aurien
1604 3172 1643 3236 do

453 3297 614 3379 ctissimo,
635 3297 676 3363 ad
699 3319 811 3388 quem,
833 3300 859 3363 si
882 3298 958 3388 quid
978 3300 1052 3366 inde
1075 3298 1176 3387 frugis
1196 3297 1370 3381 redundet,
1390 3298 1526 3388 gratiam
1549 3298 1577 3364 si
1597 3320 1643 3365 nor

453 3411 599 3505 omnem,
625 3433 658 3490 at
683 3422 818 3491 multam
845 3425 956 3491 referri
983 3424 1088 3492 velim.
1139 3422 1193 3492 De
1226 3435 1295 3491 arte
1328 3435 1441 3491 autem.
1470 3423 1642 3515 astrologie

452 3550 524 3641 ipsa
539 3551 573 3617 in
591 3517 676 3617 notis
696 3559 822 3617 tantum
841 3550 960 3619 docere
977 3552 1074 3633 volui,
1093 3530 1401 3662 quantnm'propter
1414 3550 1515 3617 verba
1531 3551 1572 3618 ab
1595 3551 1643 3618 alii

327 3702 329 3707 ·
456 3680 645 3767 impugnata
666 3677 838 3761 debebam;
858 3680 919 3746 nisi
942 3679 1029 3770 quod
1049 3680 1154 3761 initio,
1174 3689 1212 3745 ut
1230 3679 1375 3768 legentes
1403 3679 1438 3744 in
1462 3678 1535 3767 miri
1548 3677 1643 3746 bonai

456 3805 506 3871 nis
534 3802 672 3891 lectione
700 3816 847 3874 recentes
882 3805 989 3897 aliquo
1017 3804 1113 3871 modo
1140 3804 1337 3887 imbuerem,
1357 3804 1517 3895 quaedam
1545 3816 1643 3873 notar

457 3954 539 4023 quae
563 3932 677 3998 adres
698 3933 785 4023 ipsas
806 3935 1006 4024 pertinerent
1032 3933 1071 3999 ab
1101 3931 1171 3999 aliis
1189 3931 1344 4024 pleraque
1365 3931 1557 4000 iamdncta.
1601 3933 1643 4001 Ge

454 4067 524 4125 tera
538 4067 645 4126 autem
659 4068 692 4125 et
707 4082 750 4126 ex
763 4060 942 4148 argumenti
959 4060 1151 4127 carminibus
1163 4060 1341 4151 praemissa
1357 4061 1559 4126 enarratione
1574 4069 1606 4127 et
1623 4084 1643 4128 ej

453 4185 559 4251 indice
581 4187 647 4275 peti
664 4208 761 4276 posse
780 4185 915 4255 conlido.
959 4188 1201 4279 Diagrammata
1216 4197 1323 4254 tamen
1341 4186 1502 4278 quaedam
1518 4186 1643 4254 addend

337 4316 340 4323 '
456 4312 581 4392 curavi,
604 4335 687 4400 quae
707 4312 834 4402 planius
857 4325 889 4380 et
910 4313 1023 4381 melius
1046 4315 1171 4395 docent,
1194 4338 1299 4405 quam.
1313 4319 1412 4382 verba
1433 4312 1541 4403 longa.

543 4433 672 4520 Restat,
699 4448 737 4505 ut
761 4438 902 4509 lecturos
932 4463 1059 4529 rogem,
1092 4450 1130 4508 ut
1156 4441 1304 4530 graviora
1336 4441 1496 4532 quaedam
1522 4450 1643 4531 peceat

456 4587 543 4656 quae·
558 4566 591 4631 in
614 4565 805 4633 canninibus
827 4578 860 4636 et
880 4568 966 4635 notis
986 4568 1097 4635 relicta
1123 4563 1201 4650 sint,
1231 4568 1405 4636 levioribus
1430 4568 1536 4635 missis
1564 4568 1643 4637 bene

458 4692 533 4761 vole
556 4693 725 4783 corrigant.
769 4694 878 4778 Quum
901 4696 986 4763 enim
1012 4694 1199 4787 bibliopola,
1229 4697 1433 4785 quantumvis
1460 4696 1591 4764 sedibus
1619 4696 1643 4763 d
