3700 5609
695 611 845 685 Lrssub
887 639 919 683 v.
941 620 1132 683 530-554.

335 786 458 858 susm
480 786 624 856 dimensa
646 788 711 854 suis
734 808 925 856 consumere
947 796 1092 875 tempora
1114 784 1222 872 signis,

387 899 464 969 Non
487 923 582 966 casus
605 922 686 989 opus
709 908 766 979 est,
789 895 897 985 magni
918 896 976 963 sed
998 896 1136 962 numinis
1159 894 1247 961 ordo.

387 1010 480 1077 Haec
501 1010 597 1099 igitur
618 1016 732 1075 texunt
753 1006 878 1096 aequali
899 1006 1003 1072 sidera
1025 1014 1129 1074 tractu

387 1118 516 1210 Ignibus
539 1120 571 1184 in
595 1119 698 1184 varius
719 1117 845 1183 caetum
866 1116 1048 1205 iuqucuntiu
1069 1116 1204 1198 tormas3
1296 1138 1299 1144 ·

388 1230 492 1296 Altius
514 1228 562 1294 bis
583 1228 660 1295 nihii
682 1237 745 1309 est3
768 1226 849 1293 haec
871 1235 947 1291 sunt
968 1227 1091 1315 fastigia
1114 1224 1239 1308 mundi3

335 1358 377 1399 ωε
390 1338 524 1406 Publica
548 1348 680 1405 naturae
703 1338 817 1403 domus
839 1336 888 1401 his
911 1344 1062 1402 contenta
1085 1344 1211 1402 tenetau

387 1447 527 1530 Finibus,
550 1446 747 1537 amplectens
769 1456 901 1537 pontum
926 1454 1090 1534 terrasque
1112 1446 1264 1513 iacentes.

389 1560 505 1626 Omnia
528 1558 681 1625 concordi
702 1567 806 1624 tractu
828 1556 1022 1645 veniuntque
1046 1554 1236 1646 caduntque,

388 1668 463 1754 Qua
484 1666 586 1735 semel
605 1668 749 1734 incubuit
770 1665 896 1735 caelum
917 1686 1111 1756 versumque
1132 1669 1278 1757 resurgit.

450 1774 523 1867 Ipse
545 1788 653 1844 autem
675 1786 829 1867 quantum
850 1797 999 1843 convexo
1022 1776 1160 1842 mundus
1182 1776 1321 1867 Olympo

336 1904 378 1944 ⁶⁴⁰
391 1886 542 1953 Obtineat
563 1888 711 1976 spatium,
733 1886 859 1975 quantis
882 1885 929 1951 bis
952 1906 1029 1951 sena
1051 1887 1194 1952 ferantur

387 1997 516 2064 Finibus
540 2007 634 2077 astra,
657 1995 753 2063 docet
773 1996 865 2076 ratio,
889 1995 941 2061 cui
962 1992 1049 2060 nullu
1071 1997 1223 2063 resistunt

390 2106 548 2189 Claustra,
569 2127 631 2173 nec
651 2110 828 2174 immensae
850 2105 962 2186 moles,
984 2106 1166 2197 ceduntque
1187 2129 1345 2189 recessus,

389 2218 505 2284 Omnia
527 2217 748 2298 sucurmbuut,
767 2217 874 2304 ipsum
897 2225 946 2281 est
967 2214 1162 2306 penetrabile
1184 2215 1320 2282 caelum.

388 2326 474 2395 Nam
497 2336 651 2417 quantum
672 2328 801 2393 atonis
825 2336 921 2416 atque
950 2348 1091 2415 aequiore
1118 2325 1210 2413 signa
1237 2326 1402 2411 recedunt,

337 2455 377 2496 ⁵⁴⁵
391 2437 531 2505 Tantum
553 2438 627 2505 bina
649 2446 768 2528 patent.
815 2457 1007 2526 quacunque
1027 2434 1176 2501 inciditur
1198 2432 1283 2501 orbis

389 2548 454 2614 Per
474 2546 625 2630 medium,
647 2569 721 2637 pars
745 2545 879 2614 efficitur
900 2555 969 2613 tum
991 2546 1083 2612 tertia
1105 2545 1185 2633 gyri,

388 2656 516 2748 Exiguo
538 2660 689 2725 dirimens
708 2656 843 2724 solidam
865 2657 1046 2723 discrimine
1068 2675 1236 2721 summam.

387 2770 558 2835 Summum
579 2770 676 2857 igitur
697 2767 822 2834 caelum
845 2767 891 2833 bis
915 2768 988 2833 bina
1011 2766 1129 2853 refugit
1149 2763 1188 2829 ab
1208 2765 1273 2830 imo

388 2879 494 2961 Astro,
518 2880 565 2945 bis
588 2879 673 2945 senis
695 2889 730 2944 ut
750 2878 792 2943 sit
812 2900 886 2966 pars
911 2877 1003 2942 tertia
1026 2876 1133 2963 signis

335 2987 458 3056 ⁵⁵⁰Sed
480 2990 554 3079 quia
574 3012 638 3077 per,
654 2988 795 3054 medium
819 2996 868 3053 est
888 2984 989 3061 ,tellus
1015 3006 1172 3073 suspensa
1197 2984 1402 3074 profundum,
1493 3057 1496 3062 ,
1518 3055 1522 3063 ,

387 3097 476 3165 Binis
499 3122 519 3164 a
541 3121 666 3164 summo
687 3100 784 3187 signis
809 3096 943 3162 discedit
965 3104 997 3161 et
1011 3096 1092 3160 imo.

387 3207 472 3274 Hinc
493 3208 589 3297 igitur
612 3208 826 3299 quodcunque
849 3228 946 3297 supra
968 3214 1000 3272 te
1023 3205 1156 3296 suspicis
1178 3208 1258 3297 ipse,

322 3313 325 3318 ’
389 3317 462 3401 Qua
485 3319 658 3408 perinane
680 3326 789 3384 meant
810 3316 904 3398 oculi,
928 3335 1056 3407 quaque
1076 3313 1124 3380 ire
1145 3328 1304 3400 recusant,

387 3425 477 3493 Binis
500 3428 704 3520 aequandum
725 3438 775 3495 est
795 3429 904 3519 signis,
925 3450 984 3493 sex
1006 3435 1094 3493 tanta
1115 3426 1271 3493 rotundae

319 3632 693 3709 aerumnarumque
771 3654 796 3693 v.
811 3636 868 3693 548
888 3635 1010 3710 resurgit
1087 3651 1112 3690 v.
1127 3634 1183 3693 549
1204 3636 1302 3693 Altera
1359 3655 1385 3693 v.
1400 3637 1457 3697 554
1475 3638 1526 3698 Bis

380 3710 425 3765 bis
444 3740 482 3750 -—
503 3719 631 3768 sextante

319 3828 355 3887 S.
381 3828 505 3886 collocat
519 3849 559 3889 vs.
573 3834 630 3890 532
640 3830 679 3888 ad
692 3835 729 3890 38
745 3830 811 3888 incl.
830 3844 896 3909 post
915 3850 956 3890 vs.
973 3831 1040 3890 274.
1137 3850 1163 3888 v.
1179 3831 1234 3890 545
1255 3841 1448 3909 quantumque

383 3923 408 3961 r.
422 3906 480 3965 548
499 3910 621 3984 resurgit
683 3927 709 3965 v.
724 3910 780 3967 549
800 3910 898 3966 Altera
960 3928 984 3965 v.
999 3912 1056 3968 552
1075 3909 1139 3967 Hoc

319 4023 358 4082 B.
380 4042 406 4082 v.
420 4025 478 4084 542
498 4027 634 4103 caecique
655 4046 745 4086 reces.
823 4047 848 4085 v.
863 4027 919 4087 549
940 4028 1033 4097 Astra,
1054 4046 1070 4085 e
1090 4029 1134 4085 bis
1218 4047 1243 4085 v.
1257 4029 1314 4087 552
1335 4045 1507 4108 quacunque

319 4142 360 4201 V.
380 4163 407 4201 v.
421 4146 586 4206 545-549
606 4146 756 4204 Sententia
776 4146 849 4204 baec
869 4157 926 4205 est:
967 4148 999 4204 In
1019 4165 1193 4224 unoquoque
1214 4148 1318 4205 circulo
1344 4146 1442 4205 radius
1462 4149 1526 4208 sere

381 4222 513 4298 aequalis
537 4232 582 4281 est
608 4232 705 4281 sextae
730 4226 807 4302 parti
838 4224 1093 4282 circumferentiae.
1144 4225 1239 4293 Quum
1263 4225 1349 4300 igitur
1374 4223 1526 4284 duodecim

380 4298 494 4355 zodiaci
513 4301 600 4375 signis
621 4301 694 4358 caeli
713 4300 942 4359 circumferentia
962 4301 1113 4368 dividatur,
1133 4304 1200 4358 bina
1219 4302 1300 4376 signa
1316 4302 1528 4379 aequaliosunt

379 4375 408 4431 ei
427 4375 519 4444 radio,
540 4378 588 4452 qui
609 4396 627 4435 a
646 4387 722 4435 terra
742 4380 770 4435 iu
791 4378 902 4434 caelum
921 4377 1043 4435 ducitur.
1084 4378 1161 4445 Quia
1182 4386 1274 4434 autem
1294 4387 1371 4435 terra
1387 4379 1527 4437 inmundi

379 4461 479 4510 ceramo
498 4463 543 4510 est
562 4455 666 4531 posita,
687 4456 825 4531 sequitur,
845 4464 876 4509 ut
895 4457 931 4511 ab
951 4457 1017 4523 imo,
1038 4457 1057 4511 i.
1078 4475 1118 4521 e.‚
1139 4473 1157 4511 a
1176 4455 1254 4511 notio
1274 4463 1351 4512 astro
1371 4455 1526 4515 diametros

379 4528 484 4586 ductus
504 4530 542 4586 ad
562 4532 673 4589 caelum
690 4549 844 4597 summurn,
865 4532 884 4587 i.
905 4553 947 4599 e.‚
972 4531 1211 4611 septentrionale,
1236 4532 1366 4608 aequalis
1385 4532 1422 4589 sit
1442 4535 1525 4592 astris

378 4614 531 4739 ΜΨ
559 4608 804 4667 circumferentiae
824 4609 900 4665 enim
919 4611 1020 4667 tertiae
1040 4609 1102 4666 t'ere
1121 4610 1198 4685 parti
1215 4611 1333 4685 (exiguo
1352 4607 1525 4685 discrimine)

378 4757 416 4815 v·
437 4689 534 4818 a?
553 4702 609 4761 par
627 4694 681 4743 est.
765 4704 790 4741 v.
805 4684 863 4746 554
881 4686 973 4744 Astra
993 4686 1030 4743 G.
1053 4684 1088 4742 C.
1110 4685 1213 4763 (marg.
1234 4687 1271 4745 G.
1291 4683 1414 4816 Altero)¹
1433 4684 1524 4742 Astra
