3700 5609
344 582 364 645 4
740 575 846 645 Lmrm
869 575 891 643 Ι.
936 603 966 646 v.
991 591 1140 647 68-89,

408 753 448 817 Et
470 748 649 838 stupefacta
671 769 757 813 novo
780 747 942 837 pendebat
963 748 1085 816 lumine
1106 748 1227 832 mundi,
1249 785 1292 800 -

406 860 435 926 Τ
437 882 491 926 um
513 856 603 925 velut
624 857 749 923 amissis
771 880 929 940 maerens,
951 868 1020 926 tum
1041 857 1126 924 laeta
1148 858 1269 926 renatis

369 988 395 1027 ⁷⁰
408 968 581 1048 Sideribus,
603 1003 647 1016 -
669 967 840 1056 variosque
863 966 931 1033 dies
949 969 1136 1057 incertaque
1156 967 1264 1034 noctis

405 1080 578 1167 Tempora,
599 1098 661 1142 nee
683 1075 793 1141 similis
815 1076 955 1157 umbras,
976 1078 1040 1142 iam
1062 1076 1131 1144 sole
1153 1099 1315 1167 regresso,

403 1187 470 1254 lam
492 1186 652 1277 propiore,
675 1186 740 1251 suis
763 1194 913 1274 poterant
934 1186 1118 1253 discernere
1142 1186 1257 1252 causis.

403 1296 553 1367 Necdum
576 1296 672 1361 etiam
695 1296 807 1361 doctas
829 1295 958 1361 solertia
980 1296 1101 1361 fecerat
1124 1304 1219 1377 artes,

403 1407 568 1495 Terraque
591 1405 649 1472 sub
672 1404 803 1471 rudibus
826 1404 974 1471 cessabat
995 1413 1087 1469 vasta
1110 1403 1249 1487 colonis;

365 1537 390 1575 7⁶
404 1516 553 1605 Tumque
575 1517 608 1580 in
632 1514 766 1581 desertis
790 1512 952 1580 habitabat
973 1513 1135 1579 montibus
1157 1536 1281 1595 aurum,

399 1624 618 1714 immotusque
639 1646 743 1689 novos
765 1631 884 1712 pontus
906 1621 1103 1688 subduxerat
1126 1622 1236 1704 orbes;

398 1735 471 1803 Nee
493 1733 592 1799 vitam
614 1733 740 1823 pelago,
761 1755 823 1798 nee
844 1732 950 1797 ventis
973 1730 1105 1798 credere
1127 1742 1204 1797 vota

399 1843 586 1926 Audebant3
608 1843 667 1909 sed
690 1842 824 1931 quisque
847 1842 925 1907 satis
947 1841 1077 1906 novisse
1099 1839 1263 1929 putabant

399 1953 467 2020 Sed
490 1975 565 2017 cum
586 1951 684 2040 longa
706 1950 774 2015 dies
799 1951 884 2016 acuit
905 1950 1053 2016 mortalia
1075 1950 1184 2031 eorda,

360 2060 441 2127 om
462 2060 554 2126 labor
574 2061 740 2149 ingenium
761 2059 886 2123 miseris
908 2058 1004 2141 dedit,
1026 2069 1058 2125 et
1080 2082 1139 2125 sua
1163 2082 1325 2150 quemque

394 2169 580 2261 Advigilare
603 2168 662 2235 sibi
683 2167 775 2233 iussit
796 2167 923 2232 fortuna
945 2169 1139 2257 premendo;

398 2282 541 2351 Seducta
561 2280 594 2345 in
616 2277 723 2345 varias
744 2285 908 2345 certarunt
929 2287 1061 2366 pectora
1085 2300 1189 2359 curas,

395 2392 438 2459 Et
460 2389 676 2482 quodeunque
697 2407 799 2475 sagax
820 2386 974 2451 tentando
998 2388 1140 2476 repperit
1161 2410 1248 2470 usus,

395 2499 431 2567 ln
455 2521 628 2568 commune
648 2496 771 2562 bonum
793 2504 1014 2562 commentum
1035 2495 1119 2562 laeta
1143 2495 1310 2564 dederunt
1368 2556 1372 2565 .

357 2630 383 2669 aa
396 2610 491 2677 Tune
514 2618 546 2674 et
566 2606 676 2695 lingua
698 2625 774 2669 suas
796 2605 923 2693 accepit
944 2604 1079 2672 barbara
1100 2604 1201 2695 leges,

393 2719 435 2786 Et
456 2719 524 2784 fera
547 2714 681 2781 diversis
705 2712 847 2779 exercita
868 2714 1011 2803 frugibus
1035 2736 1121 2796 arva,

391 2828 434 2895 Et
455 2848 558 2916 vagus
580 2824 613 2889 in
636 2844 771 2890 caecum
792 2824 974 2909 penetravit
994 2825 1102 2890 navita
1125 2836 1270 2914 pontum,

391 2938 482 3005 Fecit
504 2944 537 3002 et
558 2934 678 3024 ignotis
698 2932 792 2997 itiner
815 2933 1010 2999 commercia
1031 2936 1133 3000 terris.

392 3047 478 3114 Tum
500 3043 575 3112 belli
596 3042 751 3134 pacisque
774 3050 858 3109 artes
881 3052 1064 3109 commenta
1087 3053 1247 3129 vetustas;

325 3274 359 3328 A.
385 3288 410 3324 r.
425 3272 463 3327 75
484 3269 628 3342 'l'uneque
729 3283 753 3321 v.
767 3268 804 3322 76
824 3265 1000 3341 Ignotusque
1097 3286 1122 3326 r.
1136 3271 1174 3328 78
1194 3289 1226 3328 se
1246 3290 1332 3331 nosse
1352 3278 1482 3351 putabat.

384 3365 409 3406 v.
424 3350 461 3404 83
483 3360 670 3421 quaecunque
748 3360 774 3398 v.
788 3342 826 3400 84
848 3341 965 3400 dedere.
1030 3363 1055 3401 v.
1071 3348 1109 3402 87
1129 3364 1154 3401 v.
1175 3347 1313 3406 incertum

325 3501 356 3559 S.
381 3502 460 3631 pm
480 3505 594 3576 poterat
652 3513 678 3550 v.
692 3496 729 3551 75
751 3495 893 3569 Tuncque
953 3513 978 3552 r.
991 3500 1029 3554 78
1050 3515 1081 3554 se
1101 3516 1187 3558 nosse
1206 3502 1336 3577 putabat.
1384 3504 1463 3562 ast
1478 3503 1523 3561 de·

402 3593 460 3632 ere.

322 3729 358 3786 B.
384 3746 410 3785 v.
424 3731 462 3786 72
482 3725 541 3782 suis
561 3724 653 3802 impar
673 3724 745 3780 dise.
804 3740 830 3779 v.
844 3726 882 3781 78
902 3742 934 3780 se
955 3724 1078 3798 quisque
1099 3726 1168 3781 satis
1180 3729 1293 3786 novisse
1352 3748 1378 3787 v.
1392 3732 1432 3791 84
1452 3751 1522 3790 com·

379 3822 465 3861 mune
485 3820 589 3860 novum
666 3819 693 3857 v.
707 3804 745 3859 88
765 3800 820 3856 iter
839 3800 878 3867 in,
898 3818 934 3856 ex
955 3798 1019 3856 eod.
1039 3800 1162 3859 Veneto.

320 3958 358 4014 V.
383 3976 409 4013 v.
423 3960 461 4014 72
479 3956 524 4011 Ea
543 3960 623 4009 aetas
648 3951 795 4029 pendebat
820 3950 999 4027 stupefacta,
1026 3970 1186 4029 causasque
1212 3954 1377 4017 discernere
1401 3968 1521 4038 poterat.

378 4035 446 4109 quia
464 4028 584 4108 pendere
604 4037 649 4085 est
666 4028 793 4094 nescire,
820 4027 890 4101 quid
908 4027 1036 4099 iudices3
1058 4028 1166 4085 sactum
1186 4040 1242 4099 est,
1267 4042 1299 4089 ut
1321 4036 1522 4111 progrediente

378 4110 505 4167 oratione
525 4106 639 4181 negatio
658 4104 746 4181 plena
765 4121 797 4159 se
813 4103 983 4159 insinuaret.
1023 4104 1149 4161 Facilior
1167 4106 1405 4180 foretsententia,
1416 4113 1442 4169 si
1454 4115 1521 4170 seri·

375 4188 469 4251 heres,
489 4184 626 4239 variosoe.
667 4179 728 4237 Sed
753 4179 823 4235 nibil
850 4198 971 4237 neeesse
991 4189 1044 4237 est.
1142 4202 1167 4238 v.
1182 4186 1220 4241 78
1240 4203 1270 4241 se
1289 4188 1410 4261 quisque
1430 4190 1465 4246 L.
1486 4191 1520 4247 G.

376 4260 427 4316 sed
449 4261 515 4317 V.1
538 4267 568 4317 et
586 4262 606 4315 2
625 4264 654 4313 et
676 4256 710 4313 C.
735 4257 835 4313 Recte.
876 4257 960 4312 Hane
986 4257 1062 4312 enim
1087 4260 1257 4317 sententiam
1282 4269 1358 4318 totus
1385 4268 1519 4323 orationis

374 4346 457 4397 tenor
475 4335 594 4409 flagitat.
635 4332 780 4390 Omissum
806 4350 965 4408 pronomen
989 4349 1021 4387 so
1048 4344 1168 4390 excusat
1192 4345 1272 4392 aetas
1293 4345 1322 4393 et
1343 4342 1519 4399 consuetudo

375 4411 530 4489 scriptoris.
612 4429 638 4466 v.
652 4414 691 4467 82
711 4408 853 4465 sententia
871 4406 996 4482 flagitat:
1018 4407 1151 4467 Diducto.
1232 4431 1257 4470 v.
1273 4412 1311 4471 84
1331 4413 1417 4474 darier
1436 4418 1474 4476 V,
1494 4424 1519 4477 1,

374 4486 475 4544 dodam
494 4486 531 4542 V.
545 4490 573 4542 2.
594 4486 656 4543 Sed
674 4486 715 4541 ita
733 4484 780 4538 bie
800 4482 864 4539 eod.
885 4502 989 4560 saepe,
1010 4493 1042 4539 ut
1061 4486 1186 4555 videtur,
1207 4507 1243 4545 ex
1263 4490 1287 4544 si
1307 4489 1345 4558 la,
1365 4494 1455 4551 etiam
1474 4496 1519 4552 ubi

371 4573 462 4623 metro
483 4571 638 4639 repugnat3
659 4560 735 4619 velut
754 4577 794 4615 vs.
809 4562 847 4616 82
867 4566 987 4631 certore;
1007 4561 1048 4616 ita
1067 4571 1098 4617 ut
1117 4563 1196 4620 nulla
1216 4565 1277 4621 eius
1288 4507 1352 4623 ghac
1370 4568 1401 4624 in
1420 4589 1452 4628 re
1469 4591 1518 4629 au-

372 4640 487 4696 ctoritas
508 4640 552 4694 sit.
630 4655 656 4691 v.
670 4641 708 4695 87
727 4654 782 4693 orn.
804 4638 902 4692 navita
921 4636 958 4692 V.
973 4641 1000 4694 1.
1021 4641 1123 4713 remtqe
1142 4647 1260 4714 pontana
1280 4642 1316 4698 V.
1330 4648 1358 4711 2,
1379 4648 1430 4720 qui
1445 4648 1519 4705 idem

372 4721 400 4773 in
420 4715 548 4788 margine
569 4712 718 4772 adscribit:
741 4712 850 4786 itaquo,
868 4715 980 4787 remige,
998 4716 1092 4771 itiner.
