3700 5609
341 595 406 662 ml
845 593 1040 660 lunum

381 788 439 826 uon
458 767 555 824 addit:
577 767 695 834 iaciunt,
714 764 884 840 intelligunt,
904 764 967 834 sed,
987 765 1156 841 loquentur,
1175 761 1206 819 id
1225 769 1330 820 contra
1351 781 1447 820 usum
1466 773 1522 838 est,
1537 773 1562 822 et

380 860 543 919 Bentleium
563 861 593 916 in
612 875 738 917 errorem
757 866 786 914 et
806 856 1000 914 coniecturam
1018 856 1132 927 illicuit;
1152 856 1189 924 ll,
1207 858 1275 913 223.

342 956 504 1013 mittatur
521 954 596 1028 ripis
614 951 735 1008 Niliacis
755 949 857 1006 iterum
877 948 975 1018 litora,
996 950 1065 1025 quia
1083 949 1162 1027 ripas
1181 947 1266 1005 Nilus
1287 967 1447 1026 superaus
1467 969 1563 1008 norum

383 1045 509 1122 quodam
528 1043 615 1102 ruodo
635 1053 664 1102 et
684 1030 864 1119 suum'mare
884 1043 983 1118 gignit,
1002 1052 1032 1101 et
1051 1043 1113 1100 eins
1133 1041 1217 1097 litora
1236 1059 1308 1098 suas
1322 1042 1413 1120 ripas
1427 1059 1499 1102 esse
1516 1043 1564 1111 ait;

380 1133 432 1206 IV,
450 1140 517 1196 627.

342 1231 445 1288 nmis
464 1238 572 1308 partus,
591 1228 756 1286 mortiferae
776 1226 899 1292 belluae,
918 1225 969 1295 Ν,
988 1229 1036 1284 66.

344 1324 433 1379 scorti
449 1322 572 1391 trahere,
593 1321 638 1378 vel
657 1315 696 1378 ad
714 1325 831 1376 mortem
849 1318 963 1377 trahere
983 1319 1150 1398 explicabis,
1169 1319 1214 1377 rel
1232 1322 1326 1379 morti
1341 1308 1507 1397 antianum
1519 1321 1564 1378 sh-

382 1413 499 1471 latitum
518 1414 647 1481 habebis,
666 1412 716 1479 lll,
734 1414 801 1469 617.

345 1513 451 1564 urmes
471 1506 590 1574 lucrare,
609 1524 645 1563 ex
664 1503 755 1562 caede
775 1504 930 1561 bestiarum
951 1512 1101 1581 quaestum
1120 1513 1236 1583 petere,
1255 1503 1408 1564 lanias-ios
1428 1505 1566 1582 iutelligit,

383 1596 435 1665 Ν,
455 1601 525 1669 186;
545 1605 671 1669 mortem,
691 1598 710 1655 i.
731 1616 757 1655 e.
778 1597 919 1654 cadavera
940 1596 1074 1666 vendere,
1094 1597 1131 1665 V,
1150 1600 1218 1654 626.

347 1696 450 1759 motet,
469 1691 565 1749 sidera
586 1692 631 1747 vix
649 1690 714 1747 loco
734 1700 812 1746 mota
830 1690 985 1747 nativitatis
1004 1691 1131 1766 iugentia
1150 1689 1319 1747 discrimina
1341 1688 1479 1761 faciunt,
1491 1691 1515 1760 Ι,
1526 1693 1565 1750 51.

347 1800 456 1840 movete
476 1784 625 1851 Helicona,
645 1801 731 1840 sensu
751 1782 872 1856 magico,
891 1781 914 1848 l,
934 1783 968 1853 4;
988 1783 1159 1853 Acheronta,
1178 1783 1199 1851 l,
1218 1786 1267 1843 93.

346 1893 466 1945 motae,
486 1885 632 1933 auctorem
652 1893 726 1943 esse,
745 1875 767 1942 l,
787 1877 834 1933 51.

350 1984 470 2037 moreto,
489 1987 599 2044 regere,
619 1968 641 2036 l,
660 1968 726 2037 400,
745 1966 813 2024 406.

349 2058 469 2117 multum
487 2060 670 2136 gaudentem,
689 2062 709 2118 i.
728 2078 755 2117 e.
775 2077 960 2137 magnopere,
980 2059 1031 2130 Ν,
1051 2064 1118 2117 221.

350 2150 473 2210 modu
491 2154 578 2209 modo
598 2162 643 2210 est
661 2172 756 2211 rerum
776 2152 961 2222 universitas3
981 2152 1067 2209 modo
1087 2152 1159 2210 dens
1179 2154 1208 2209 in
1228 2171 1264 2210 ea
1280 2155 1480 2229 gtrbeman83
1493 2153 1570 2211 modo

391 2245 517 2317 eaelum3
535 2246 603 2303 hinc
622 2250 685 2317 aer,
704 2245 781 2302 velut
794 2245 830 2313 V,
844 2248 914 2316 3703
933 2245 1020 2302 modo
1040 2247 1152 2304 caelum
1171 2265 1235 2303 curu
1255 2246 1330 2316 sole,
1351 2248 1402 2306 vel
1422 2248 1502 2316 dies,
1514 2248 1570 2304 hin

391 2336 454 2395 dies
474 2339 587 2407 solaris,
606 2339 656 2407 lll,
675 2343 742 2407 311,
762 2348 792 2395 et
809 2336 931 2395 mundas
950 2357 1088 2408 mansas,
1107 2339 1143 2407 11,
1156 2343 1224 2407 836,
1244 2359 1350 2397 cursus
1372 2341 1452 2398 solis
1473 2341 1570 2405 iiuitut,

392 2439 422 2487 et
439 2429 537 2488 sillero
556 2431 669 2489 conditu
690 2431 727 2487 ad
747 2431 836 2487 solem
862 2431 1027 2489 referuntur
1052 2432 1245 2501 occidentem
1269 2431 1364 2490 modo
1391 2434 1515 2493 caelum
1537 2433 1569 2490 si·

393 2521 509 2580 deribus
530 2523 637 2579 clarum
657 2533 785 2599 tempore
805 2531 955 2579 nocturno.
995 2523 1165 2582 mandacio
1184 2523 1300 2581 homine
1319 2543 1454 2603 parvus,
1474 2528 1569 2584 micro·

393 2631 517 2681 cosanus,
535 2615 586 2680 Ν,
606 2615 672 2672 894.

355 2709 469 2762 numo
484 2703 617 2775 mundus,
635 2704 670 2774 11,
690 2709 756 2775 906,
777 2724 808 2763 se
828 2715 950 2763 mutans.

355 2945 496 3030 Nascere
512 2973 650 3042 mundus,
676 2981 720 3030 est
744 2970 994 3044 finitor,1‚5ot;
1033 2976 1201 3031 nascentia
1221 2971 1316 3031 anm
1336 2975 1475 3049 coelun,
1497 2978 1572 3036 terris

395 3068 491 3125 oriens
511 3066 589 3136 dies,
609 3067 645 3136 ll,
663 3071 736 3138 791;
764 3083 888 3124 noscens
908 3073 1030 3135 acuunt,
1048 3066 1241 3145 horoscopus,
1260 3066 1310 3134 lll,
1329 3067 1411 3141 4833
1444 3068 1574 3129 nocendi

395 3159 468 3228 dies,
487 3158 644 3225 natalitius,
664 3160 686 3227 1,
706 3162 759 3229 553
780 3177 908 3234 aequora
926 3167 987 3215 toto
1008 3168 1096 3237 ponto
1117 3161 1277 3227 nascentia,
1301 3159 1343 3216 ad
1364 3181 1517 3220 summum
1535 3171 1572 3219 te·

394 3252 445 3309 nui
463 3251 592 3326 fugiente
612 3251 738 3326 liquore,
756 3252 785 3322 I,
805 3256 876 3323 156;
906 3235 1047 3319 ¹similiter,
1074 3257 1219 3308 noscentes
1242 3269 1375 3326 aequore
1395 3253 1524 3328 fluctus,
1543 3253 1573 3320 V,

396 3348 468 3415 731,
484 3346 618 3402 natantes
635 3341 752 3416 1106105,
773 3363 866 3420 aquae
887 3353 1059 3411 commotae,
1079 3343 1102 3412 l,
1122 3345 1192 3414 1553
1217 3347 1279 3400 noli
1298 3361 1338 3401 ex
1358 3344 1487 3420 ignibus
1506 3347 1573 3413 anni,

396 3439 416 3495 i.
436 3457 464 3494 e.
489 3438 578 3495 coctis
604 3439 721 3496 venenis
747 3439 815 3494 anni
841 3432 1016 3512 (iuveniles)
1041 3438 1146 3513 parati.
1185 3442 1279 3492 nectos
1298 3453 1414 3507 annos,
1437 3459 1515 3517 quos
1533 3438 1574 3497 alii

398 3529 484 3586 codd.
504 3532 654 3606 praebent,
673 3531 906 3607 interpretaberis
928 3529 1081 3585 senectutis
1102 3547 1192 3585 annos
1213 3538 1336 3597 amotos,
1356 3529 1399 3598 V,
1421 3532 1496 3593 468,

360 3626 475 3688 notura,
494 3620 513 3675 i.
534 3638 561 3676 e.
582 3638 663 3676 amor
681 3630 830 3698 paternus,
849 3619 1014 3697 paericulum,
1031 3620 1172 3701 timorem,
1193 3621 1266 3689 vicit,
1286 3621 1324 3688 V,
1344 3625 1423 3682 309.

281 3779 284 3787 ¹
359 3710 525 3787 navifrago,
544 3712 618 3768 mari
637 3712 777 3781 demersa,
797 3712 892 3781 tellus,
911 3712 949 3780 V,
969 3711 1035 3770 542.

360 3803 525 3880 naufragas
544 3805 626 3880 ignis,
647 3825 733 3882 rogus
753 3825 790 3864 ex
809 3808 921 3863 navium
940 3805 1107 3882 fragmentis
1128 3815 1297 3876 exstructus,
1316 3805 1372 3878 Ν,
1393 3813 1455 3873 54,

360 3900 480 3973 navigat
498 3917 577 3956 mare
596 3898 625 3954 in
646 3917 695 3956 ore
715 3899 837 3968 belluae,
856 3901 893 3968 V,
913 3900 980 3959 584.

360 3996 392 4051 ni
411 3994 439 4049 in
460 3991 582 4070 apodosi
601 3993 739 4065 succedit,
760 3995 808 4052 ubi
828 4002 979 4072 exspectes
999 3991 1063 4063 scd3
1082 4010 1177 4067 neque
1198 3991 1403 4067 vulgatissimo
1418 4019 1516 4072 mom,
1529 4017 1574 4077 qut

400 4087 571 4165 imper-lecta
591 4094 621 4144 et
639 4086 923 4166 plusquamperfecta
949 4087 978 4144 in
1003 4086 1077 4160 conj.
1099 4086 1257 4155 adduntur3
1283 4084 1351 4155 sed,
1376 4093 1470 4167 quod
1495 4094 1575 4153 mrim

401 4190 454 4248 est,
474 4200 528 4238 nec
547 4188 643 4238 tamea
662 4180 831 4246 inauditnm,
851 4179 880 4233 ln
899 4178 975 4253 conj.
995 4197 1092 4256 praes.
1112 4179 1134 4246 l,
1154 4180 1222 4236 358.
1242 4221 1251 4229 .

361 4274 463 4346 nigrae
482 4272 573 4343 arches,
592 4273 614 4341 l,
634 4275 682 4330 45.

365 4363 438 4421 Nilo
457 4374 558 4421 natans
579 4348 741 4445 Aegyptus,
768 4367 787 4423 i.
810 4385 836 4425 e.
862 4375 893 4421 ut
913 4365 1008 4422 statim
1028 4366 1091 4442 ipse
1112 4364 1206 4432 addit,
1232 4364 1349 4440 irriguis
1376 4376 1501 4453 eampis
1520 4372 1577 4434 solit

403 4464 513 4514 aestum
534 4457 710 4527 deminuens,
730 4458 870 4527 1V,726;
891 4457 928 4514 cs.
950 4458 998 4525 lV,
1019 4461 1085 4516 752.

364 4552 453 4609 ninus
472 4549 500 4603 T
502 4567 597 4618 auras,
616 4553 753 4625 genubus,
773 4552 795 4619 l,
814 4554 883 4609 361.

313 4672 315 4678 ·
363 4650 434 4703 stolo
453 4651 519 4701 sunt
537 4641 634 4700 sidera
653 4645 765 4719 aperire
785 4646 855 4713 vias,
874 4644 897 4713 l,
914 4648 961 4701 31.

365 4744 445 4796 tutas
463 4739 494 4795 in
512 4741 622 4793 noctem
641 4735 769 4795 tertehroe
788 4746 888 4814 arguto
908 4741 1016 4816 poetae
1037 4758 1116 4797 more
1137 4744 1202 4796 sunt
1220 4744 1299 4795 totae
1316 4736 1346 4794 in
1362 4740 1580 4820 libidinem3ut
