3700 5609
421 624 479 673 XVI

290 856 298 874 ι
421 775 567 867 tempore
599 776 667 843 eius
695 777 813 865 poima
841 774 1059 862 conscriptum
1090 777 1144 858 sit,
1178 776 1254 843 satis
1288 783 1377 842 certa
1402 773 1519 840 indicia
1540 781 1633 841 sunt.

420 902 630 995 Primumque
649 901 766 969 librum
787 925 852 969 non
875 902 929 969 diu
950 912 1025 991 post
1042 903 1167 971 cladem
1178 904 1354 972 Varianam
1376 900 1500 973 [initum
1521 880 1637 982 dicas;

422 1054 617 1124 quamquam
638 1032 723 1097 enim
746 1055 818 1099 eam
840 1029 966 1098 cladem
987 1032 1031 1099 ita
1052 1032 1182 1116 inducit,
1204 1034 1325 1099 utiam
1347 1028 1477 1121 aliquod
1498 1038 1638 1117 tempus

403 1160 586 1239 effluxisse
606 1159 768 1227 videatur:
797 1172 834 1226 ut
849 1164 984 1244 foedere
1010 1172 1103 1246 rupto
1126 1186 1220 1248 quom
1235 1168 1312 1245 sero
1334 1164 1495 1226 ductorem
1516 1161 1635 1242 rapuit

389 1346 398 1361 ,,
425 1294 598 1355 (demonia
626 1290 742 1353 Varum
763 1325 805 1336 —
826 1310 902 1355 narn
924 1298 1071 1378 perium
1094 1256 1273 1375 qoam-non
1297 1310 1379 1379 quae
1402 1286 1549 1377 proxime
1571 1305 1626 1350 ac·

421 1416 568 1485 ciderunt
589 1416 806 1498 describimus,
827 1419 860 1483 in
881 1398 1003 1483 recenti
1028 1425 1135 1483 tamen
1157 1424 1273 1507 potitae
1287 1414 1556 1483 memorialuisse
1570 1411 1628 1479 de·

421 1544 486 1627 bet,
509 1566 607 1636 quum
628 1545 742 1610 infesta
765 1545 833 1611 eius
862 1544 1019 1636 quaedam
1048 1544 1154 1612 omina
1181 1544 1258 1611 mihi
1278 1566 1344 1609 non
1363 1550 1439 1609 nota
1461 1537 1628 1630 significet,

420 1672 535 1763 quibus
565 1671 717 1739 declinari
743 1682 900 1761 potuerat.
945 1671 1032 1738 addit
1059 1672 1161 1738 enim:
1192 1672 1298 1759 Saepe
1325 1676 1411 1737 domi
1438 1640 1531 1755 culpo
1558 1678 1627 1735 eet:

421 1807 577 1868 nescitam
596 1806 723 1868 eredere
751 1804 849 1869 coelo.
892 1799 1066 1867 Praeterea
1095 1823 1169 1880 cum
1195 1798 1311 1874 librum
1338 1809 1487 1891 quartum
1512 1795 1627 1878 liniret,

420 1930 454 1996 in
476 1930 542 1995 vita
563 1929 623 1994 fuit
637 1931 811 2019 Augustus.
853 1928 976 1995 Omnes
1000 1929 1084 1995 enirn
1106 1926 1176 1994 libri
1196 1928 1347 1996 meliores
1368 1928 1410 1994 in-
1423 1928 1529 1993 tuturo
1549 1948 1628 1993 con·

421 2057 575 2125 sentiunt:
595 2059 705 2122 Maiae
726 2070 760 2123 et
781 2062 930 2143 Augusto
953 2068 1107 2121 crescet
1128 2060 1185 2122 eud
1204 2062 1352 2143 principe
1374 2059 1507 2122 coelam.
1534 2053 1628 2122 Non·

422 2186 499 2252 dum
519 2164 616 2273 igitur
637 2207 715 2251 vera
737 2181 905 2274 apotheosi
925 2186 1009 2251 inter
1030 2183 1108 2250 deos
1131 2152 1292 2274 receptus.
1341 2182 1494 2282 Redierat
1518 2192 1628 2250 tamen

420 2315 486 2379 iam
512 2335 555 2380 ex
582 2311 687 2405 aliquo
715 2315 860 2403 tempore
885 2313 918 2378 in
946 2312 1081 2401 gratiam
1109 2334 1183 2378 curn
1212 2310 1356 2394 Tiberi03
1384 2333 1461 2377 nam
1482 2309 1627 2377 Rhodius

421 2463 570 2508 secessus
598 2463 673 2510 cum
700 2441 805 2532 aliqua
838 2439 934 2508 laude
963 2449 1233 2507 commemoratur
1261 2439 1316 2506 diu
1347 2439 1627 2522 invidiosissimus3

421 2568 582 2659 iidemque
603 2582 716 2635 'versuo
739 2569 885 2635 nondum·
905 2567 1100 2636 successisse
1122 2569 1205 2656 patri
1228 2567 1364 2639 eundem
1391 2568 1628 2634 demonstrant:

429 2701 560 2784 Virgine
580 2701 644 2762 sud·
660 2707 751 2764 costa
767 2700 854 2781 selis
875 2708 1024 2782 terraque
1044 2701 1188 2781 morique
1209 2700 1272 2763 Eat
1292 2700 1433 2775 Rhodus,
1456 2699 1628 2781 hospitium

421 2829 574 2891 recturi
595 2830 756 2911 principio
784 2829 898 2891 ortem.
947 2821 1147 2905 Praesentis,
1175 2823 1287 2906 credo,
1316 2823 1417 2892 seculi
1444 2822 1628 2889 felicitatem

421 2952 576 3035 laudaret,
597 2954 625 3018 si
645 2954 710 3020 iam
731 2954 900 3043 imperium
921 2951 1035 3018 fuisset
1057 2950 1206 3041 adeptus;
1229 2952 1337 3020 sedin
1355 2953 1422 3019 eius
1439 2951 1627 3019 societatem

422 3090 591 3169 acceptum
604 3089 674 3147 tum
693 3080 757 3146 iam
776 3066 875 3147 fuisse
887 3103 930 3148 ex
947 3077 997 3146 his
1015 3078 1120 3145 verbis
1134 3078 1317 3146 concludas.
1352 3080 1506 3165 Quintum
1520 3088 1629 3146 tamen

421 3192 536 3274 librum
562 3207 622 3274 sub
650 3207 778 3275 Tiberio
806 3209 959 3299 scriptum
983 3228 1055 3272 esse
1082 3204 1246 3294 probabile
1268 3216 1324 3275 est.
1367 3207 1453 3277 Nam
1475 3211 1629 3296 Pompeio

421 3305 632 3416 monmnenta,
655 3359 702 3402 vs.
719 3336 799 3418 510,
820 3357 903 3427 quae
922 3358 1046 3421 comper
1067 3341 1211 3402 recentia
1226 3342 1371 3417 flammis
1393 3337 1556 3419 dicuntur,
1587 3336 1628 3403 de

421 3463 546 3531 theatro
568 3464 716 3555 Pompeii
736 3464 937 3554 interpretor,
960 3463 1046 3554 quod
1067 3464 1143 3554 igne
1170 3465 1300 3532 fortuito
1327 3463 1477 3532 haustum
1503 3487 1539 3530 se
1569 3487 1628 3532 ex-

421 3600 618 3660 structurum
639 3591 786 3658 Tiberius
809 3588 971 3680 pollicitus
994 3600 1059 3674 est,
1090 3592 1176 3681 quod
1203 3615 1342 3672 nemoe
1363 3590 1628 3658 familia-restau-

420 3719 522 3786 rando
544 3718 719 3803 sufficeret,
738 3724 896 3818 'manente
922 3727 1032 3786 tamen
1053 3718 1201 3807 Pompeii
1229 3721 1374 3802 nomine;
1400 3728 1437 3785 ut
1459 3718 1502 3785 ait
1523 3716 1625 3785 Tacit

421 3847 503 3914 dnn.
519 3844 569 3929 lli,
584 3848 637 3915 22.
678 3846 766 3915 Nam
787 3848 874 3937 quod
895 3847 929 3914 id
949 3868 1031 3936 opus
1046 3844 1116 3912 Tib.
1137 3847 1361 3938 imperfectum
1378 3845 1514 3937 reliquit,
1535 3846 1627 3915 Suet.

421 3974 491 4041 Tib.
514 3972 856 4063 c.47‚nn1ilpoeum
876 3974 1032 4065 impedire
1053 3975 1173 4064 potuit,
1201 3976 1370 4065 quominus
1392 3972 1475 4040 hanc
1497 3974 1530 4039 in
1553 3995 1628 4042 eum

420 4101 549 4169 laudem
569 4106 738 4193 potiturum
759 4124 850 4169 more
872 4103 1040 4170 conterret
1083 4100 1218 4169 Factum
1240 4101 1273 4168 id
1295 4110 1404 4167 autem
1426 4110 1475 4167 est
1491 4121 1574 4168 anno
1594 4088 1645 4191 ps

422 4229 499 4297 Chr.
520 4230 573 4295 22.
615 4230 721 4321 Atque
741 4231 848 4320 ipsum
870 4232 967 4298 etiam
987 4226 1080 4295 huius
1103 4226 1173 4295 libri
1191 4228 1358 4298 exordium
1371 4227 1489 4319 aliquid
1507 4228 1629 4318 spirare

420 4358 558 4440 ¹eidetur,
582 4356 669 4448 quod
689 4357 907 4425 intermissum
924 4355 1119 4446 aliquamdiu
1131 4354 1272 4423 studium
1289 4365 1436 4423 testetur:
1457 4358 1525 4421 Hie
1546 4359 1629 4423 oliae

412 4492 547 4573 finisset
569 4507 645 4572 qaas
668 4493 729 4552 etc.
772 4482 808 4552 ld
828 4503 958 4576 quoque
981 4482 1120 4565 accedit,
1142 4483 1229 4576 quod
1251 4481 1302 4550 hic
1322 4483 1403 4553 liber
1424 4484 1510 4552 facta
1532 4492 1629 4574 atque

365 4607 370 4615 ’
420 4612 560 4682 rotunda
581 4614 726 4681 oratione
747 4613 861 4681 ceteris
884 4620 1040 4702 praestat3
1064 4631 1259 4701 quamquam
1280 4608 1342 4679 hoc
1363 4611 1450 4679 idem
1472 4612 1512 4678 de
1535 4612 1628 4678 tertio

422 4750 590 4835 etquerto
613 4741 790 4834 dicendum¹
806 4748 870 4809 est:
892 4759 1040 4811 crescere
1062 4740 1196 4809 sensim*
1211 4748 1245 4808 et
1265 4740 1375 4833 augeri
1395 4746 1511 4831 po'e’tae
1533 4738 1629 4809 artili-
