3700 5609
363 612 407 677 82
731 601 837 672 Lmen
859 601 894 670 ll.
939 627 969 670 v.
993 610 1181 669 836-858.

425 779 565 848 Ultimus
590 799 719 844 emenso
742 779 796 867 qui
818 775 926 844 condit
948 775 1053 844 sidera
1074 775 1205 855 mundo,

428 892 653 979 Occasumque
675 898 787 953 tenens
811 886 1014 953 submersum
1036 886 1170 977 despicit
1192 881 1312 962 orbem,

427 1001 572 1066 Pertinet
596 999 765 1064 adrerum
788 1020 930 1063 summas
953 995 1113 1085 linemque
1134 994 1289 1076 laborum,
1361 1025 1363 1029 ¹

427 1112 585 1198 Coniugia
608 1119 704 1197 atque
727 1108 847 1197 epulas,
871 1114 1080 1196 extremaque
1104 1116 1248 1195 tempora
1269 1102 1363 1181 vitae,

377 1242 416 1281 aar
431 1221 568 1310 Otiaque
592 1228 624 1285 et
646 1228 756 1285 coetus
780 1216 947 1284 hominum
968 1216 1138 1307 cultusque
1161 1216 1307 1281 deorum.

489 1332 561 1398 Nec
585 1337 755 1395 contentus
777 1328 839 1392 eris
861 1338 1015 1419 percepto
1039 1328 1168 1394 cardine
1191 1346 1370 1416 quoquam;

427 1439 597 1508 Intervalla
620 1442 716 1506 ctiam
736 1439 872 1503 memori
892 1448 968 1505 sunt
989 1448 1096 1505 mente
1119 1435 1268 1517 notanda,
1357 1469 1399 1530 ,υ

427 1554 492 1619 Per
513 1553 615 1617 maius
638 1525 781 1616 dimensa
803 1570 879 1613 suas
901 1547 1067 1614 reddentia
1088 1548 1183 1613 vires.

429 1662 589 1753 Quicquid
612 1662 650 1727 ab
674 1669 788 1726 exortu
811 1682 973 1725 summurn
996 1667 1146 1724 curvatur
1165 1658 1198 1723 in
1221 1656 1368 1739 orbempi
1390 1687 1414 1716 u
1499 1681 1503 1690 ·

377 1773 551 1839 uarietatis
573 1772 694 1860 primae
715 1772 942 1859 nascentisque
966 1770 1085 1846 adserit
1106 1790 1224 1834 annos.
1415 1805 1443 1859 q
1500 1789 1503 1812 ²

429 1882 525 1970 Quod
547 1904 672 1947 summo
695 1883 850 1969 premitur
873 1879 1037 1945 devexum
1060 1875 1340 1959 culminemundi,
1456 1911 1466 1928 -·

429 1994 545 2060 Donec
568 1992 608 2057 ad
631 2013 783 2055 occasum
804 1991 922 2071 veniat,
945 1990 1119 2080 puerilibus
1141 1990 1236 2055 annis
1290 2007 1330 2056 ·'·:

431 2101 592 2183 Succedit,
615 2110 823 2190 teneramque
846 2101 929 2189 regit
950 2100 1010 2165 sub
1033 2099 1110 2165 sede
1132 2100 1324 2166 iuventam'
1397 2115 1414 2146 ¹³

432 2216 505 2299 Qua
527 2236 600 2303 pars
624 2232 758 2278 occasus
780 2211 861 2276 infra
884 2218 934 2276 est
953 2211 1118 2299 imumque
1141 2208 1199 2274 sub
1222 2206 1332 2277 orbem

380 2323 618 2405 8⁵0Descendit,
641 2325 723 2411 regit
744 2320 825 2387 hacc
847 2330 992 2387 maturae
1016 2308 1161 2409 tempora
1181 2320 1267 2385 vitae

431 2436 474 2501 Et
494 2434 623 2523 propria
646 2434 728 2499 serie
750 2432 904 2522 varioque
928 2431 1069 2497 exercita
1092 2452 1197 2496 cursu.

429 2545 472 2610 Aa
495 2566 557 2633 qua
579 2542 741 2633 perficitur
762 2564 875 2608 cursus
897 2542 1054 2608 redeunte
1074 2540 1134 2608 sub
1156 2540 1231 2622 imo3

430 2654 537 2721 Tarda
560 2654 744 2741 supinatum
765 2651 890 2719 lassatis
912 2652 1031 2718 viribus
1055 2674 1165 2718 arcum

432 2763 621 2830 Ascendens
645 2786 733 2828 seros
756 2762 887 2828 demum
909 2761 1133 2853 complectitur
1155 2782 1269 2843 annos5

380 2892 418 2935 8⁵5
431 2874 675 2962 Labentemque
698 2872 783 2940 diem
805 2875 890 2939 vitae
912 2871 1147 2961 tremtdamque
1168 2880 1341 2939 senectam.

496 2984 601 3049 Omne
624 2982 753 3072 quidem
781 2984 908 3079 signum
937 2984 995 3049 sub
1025 2981 1239 3072 qualicunque
1260 2981 1362 3073 ligura

432 3093 580 3162 Partibus
602 3090 739 3159 inlicitur
760 3092 889 3174 mundi;
909 3091 1001 3158 locus
1022 3094 1159 3182 imperat
1180 3094 1283 3176 astris,

431 3204 475 3271 Et
496 3202 587 3269 dotes
609 3224 793 3294 noxamque
817 3204 907 3285 facit;
934 3212 1103 3270 vertuntur
1129 3204 1163 3270 in
1186 3203 1297 3271 orbem

367 3466 401 3521 A.
428 3467 525 3522 v.839
546 3462 759 3538 Coniungitque
855 3468 881 3518 'v.
896 3461 954 3520 847
974 3479 1093 3519 occasus
1115 3463 1208 3520 veniet
1315 3462 1411 3522 osta
1432 3462 1516 3531 Quae
1536 3494 1574 3506 -

426 3542 557 3614 interque
578 3541 624 3597 im.
703 3558 729 3596 v.
743 3540 800 3598 852
820 3556 894 3614 quae
913 3569 952 3582 ·-
972 3558 1057 3597 cursu
1133 3558 1159 3596 r.
1173 3540 1230 3600 855
1250 3537 1446 3628 Labentisque
1467 3540 1530 3599 dies

369 3670 402 3728 S.
428 3686 455 3724 v.
470 3671 527 3727 837
555 3669 672 3747 respicit
788 3686 812 3723 r.
832 3670 888 3725 839
917 3667 1129 3744 Coniungitqne
1244 3686 1270 3724 v.
1288 3672 1345 3728 847
1372 3687 1492 3727 occasus

426 3765 453 3803 v.
468 3744 525 3804 848
545 3747 617 3821 gerit
694 3762 719 3800 v.
736 3743 792 3803 848
812 3743 950 3809 Quae-
968 3746 1042 3801 inter
1119 3762 1145 3803 v.
1160 3746 1216 3802 855
1236 3744 1438 3822 Labentesque
1462 3746 1525 3804 dies

369 3876 406 3934 Β.
427 3893 453 3932 ν.
468 3873 524 3932 843
544 3874 578 3930 Ρ.
600 3872 738 3948 quadrum
846 3890 871 3927 r.
886 3872 942 3931 845
962 3873 1091 3930 Aetatem
1111 3873 1231 3951 primam
1336 3892 1361 3931 v.
1376 3873 1433 3933 847
1453 3892 1575 3931 occasus

427 3971 454 4009 v.
469 3952 525 4010 849
547 3951 631 4017 Quae
689 3968 715 4005 v.
731 3950 785 4007 851
799 3948 945 4027 Perpetua
1002 3970 1026 4007 v.
1041 3954 1099 4009 852
1113 3950 1272 4026 quadrante
1331 3969 1358 4009 v.
1369 3955 1426 4012 858
1437 3968 1577 4036 noxamre

371 4081 408 4138 V.
429 4099 455 4137 v.
471 4083 527 4137 839
552 4078 758 4152 Ganranosque
778 4077 814 4133 V.
827 4081 854 4134 1.
876 4076 911 4134 C.
931 4080 1117 4155 Eotupiotqaa
1135 4080 1172 4136 V.
1183 4084 1211 4136 2.
1241 4079 1443 4155 Goniarqootqoa
1461 4079 1497 4137 L.
1513 4077 1578 4141 ‚sed

429 4176 447 4212 a
467 4174 539 4212 corr.
561 4156 759 4229 coniunpitquc
779 4173 852 4211 corr.
872 4154 908 4211 B.
987 4173 1011 4211 v.
1027 4154 1083 4213 847
1103 4174 1224 4215 occasus
1243 4156 1278 4213 L.
1305 4174 1436 4214 occasum
1455 4156 1492 4213 V.
1504 4160 1532 4214 1.
1546 4159 1576 4213 2.

429 4252 454 4288 v.
470 4231 526 4288 848
549 4232 614 4300 Quo
635 4250 741 4287 omnes.
763 4232 782 4287 i.
804 4250 830 4288 e.
853 4250 911 4306 qua
929 4240 1021 4307 parte,
1043 4242 1192 4308 quatenus.
1212 4265 1250 4274 —
1270 4250 1390 4290 occasus
1409 4236 1485 4290 iactor
1504 4232 1576 4309 (om.

429 4308 495 4383 que)
516 4308 553 4363 V.
565 4312 592 4364 1.
614 4307 648 4364 C.
660 4308 702 4364 ·L.
724 4309 766 4384 (in
785 4308 842 4365 hoc
861 4308 962 4365 leviter
980 4308 1126 4385 appictum
1147 4327 1165 4365 a
1184 4328 1257 4367 corr.
1276 4308 1342 4383 cst.)
1366 4311 1578 4386 interstrataque

430 4385 467 4441 V.
477 4389 506 4441 2.
526 4384 618 4440 Puto:
640 4403 757 4442 occasus
768 4388 843 4442 inter
860 4387 1024 4459 oiqruinqoc
1044 4386 1171 4457 volebat;
1192 4386 1272 4462 quod
1285 4405 1381 4444 verum
1391 4388 1523 4445 arbitror.
1536 4386 1576 4443 G.

430 4469 460 4516 ut
480 4462 576 4537 ceteri,
597 4463 712 4539 appicta
732 4470 800 4517 nota
818 4460 910 4517 meod.
931 4492 969 4501 -
989 4477 1095 4537 sequor
1113 4459 1150 4519 Β.
1171 4464 1384 4521 correctionem.
1449 4483 1451 4490 ·
1477 4481 1503 4521 s.
1515 4465 1575 4522 851

431 4537 557 4615 Supple,
583 4546 626 4594 est
653 4539 787 4595 exercita.
828 4539 953 4613 Propria
977 4540 1066 4595 carme
1089 4546 1134 4595 est
1158 4539 1208 4594 uni
1234 4540 1346 4617 cuique¹
1361 4540 1482 4620 propria
1502 4557 1576 4599 sors.

391 4657 394 4664 .
430 4619 516 4671 series
535 4623 587 4682 est,
609 4633 682 4690 quae
704 4633 793 4691 saepe
812 4613 884 4670 ordo
909 4632 944 4670 ac
969 4615 1059 4672 series
1079 4633 1097 4671 a
1118 4614 1259 4674 Cicerone
1283 4627 1478 4696 nuncupatur,
1506 4619 1527 4675 i.
1548 4635 1577 4675 e.

427 4692 476 4747 ¹via
496 4699 525 4749 et
544 4691 619 4748 ratio.
637 4709 690 4748 seu
709 4690 870 4747 methodus.
949 4708 975 4747 v.
989 4694 1047 4749 852
1064 4689 1177 4750 rodiam
1195 4695 1293 4765 mura,
1311 4702 1443 4773 utsaepe
1462 4694 1532 4754 in'l.
1542 4693 1577 4769 1.,

431 4775 474 4825 cst
493 4768 522 4825 in
543 4767 673 4825 ordinem
690 4775 721 4827 et
740 4766 900 4826 mantuam
917 4767 1002 4846 quasi
1021 4786 1171 4830 recurrens
1189 4770 1302 4831 caelum
1316 4770 1451 4833 -int'eriusr
1468 4787 1480 4821 1
1493 4792 1507 4812 ··
