3700 5609
694 595 800 665 Lissa
822 594 856 664 Π.
901 623 931 665 v.
955 586 1158 668 ott-692.

332 782 373 825 ⁶7⁵
389 764 503 846 Sidera
525 767 679 857 quadrata
702 768 852 850 efficiunt,
874 790 939 834 non
961 769 1034 859 lege
1058 768 1202 860 quadrati

385 875 576 944 Censentur.
618 880 722 945 minor
744 890 793 946 est
814 881 950 961 numeri,
972 903 1070 970 quam
1094 881 1230 947 cardinis
1254 903 1340 949 usus.

386 985 530 1076 Longior
550 990 583 1053 in
607 992 745 1078 spatium
766 998 914 1079 porrecta
939 1000 988 1056 est
1008 990 1094 1057 linea
1117 993 1228 1072 maius,

386 1098 479 1182 Quae
503 1098 602 1164 tribus
626 1100 763 1165 emensis
786 1100 885 1189 signis
906 1100 981 1165 facit
1004 1110 1088 1167 astra
1111 1102 1244 1190 trigona.

385 1205 476 1274 Haec
499 1209 538 1274 ad
562 1209 715 1274 amicitias
737 1210 897 1275 imitantes
919 1212 988 1276 iura
1010 1212 1210 1300 gradumque

331 1332 374 1373 ⁶⁸)
387 1318 559 1407 Sanguinis
582 1327 678 1407 atque
701 1319 813 1385 animis
835 1316 1000 1387 haerentia
1022 1331 1155 1410 pectora
1175 1320 1306 1387 ducunt.

387 1427 494 1517 thue
517 1429 586 1518 ipsa
609 1451 627 1494 a
648 1428 745 1518 longo
769 1438 888 1497 coeunt
909 1430 1058 1496 submota
1079 1453 1220 1511 recessu,

386 1535 441 1601 Sic
463 1559 522 1603 nos
546 1540 746 1629 coniungunt
766 1541 939 1607 maioribus
960 1539 1144 1606 intervallis.

386 1643 477 1712 Haec
498 1649 631 1717 meliora
653 1660 776 1740 putant,
798 1660 923 1717 mentes
946 1672 1028 1739 quae
1050 1651 1183 1741 iungere
1204 1661 1350 1740 possunt,

388 1756 493 1840 Quam
518 1783 599 1848 quae
622 1784 687 1826 non
709 1783 875 1850 nunquam
898 1760 1010 1827 foedus
1035 1760 1093 1825 sub
1116 1762 1272 1851 sanguine
1295 1760 1414 1828 fallunt.

331 1881 373 1922 6⁸⁵
388 1864 541 1934 Proxima
564 1871 676 1935 vicinis
699 1871 905 1937 subscribunt
925 1873 1018 1937 tertia
1040 1893 1189 1960 quaeque

386 1975 582 2065 Hospitibus.
626 1980 682 2045 Sic
705 1990 862 2047 astrorum
886 1980 1065 2048 servabitur
1086 1981 1176 2046 ordo.

385 2086 476 2153 Adde
500 2112 573 2154 suas
595 2098 703 2177 partes
725 2092 833 2179 signis,
856 2116 913 2158 sua
936 2090 1077 2182 partibus
1101 2098 1193 2156 astra.

385 2197 470 2265 Nam
492 2190 577 2263 nihii
590 2200 622 2265 in
646 2208 748 2267 toturn
770 2204 868 2268 servit
890 2201 958 2284 sibi,
980 2202 1080 2269 mixta
1103 2202 1254 2267 feruntur.

775 2335 794 2377 s
902 2335 922 2377 s
1030 2335 1049 2377 a

384 2415 463 2507 Ipsis
487 2418 563 2483 dant
584 2418 662 2486 [ines
685 2422 786 2502 astris,
809 2423 1002 2511 capiuntque
1025 2421 1174 2487 vicissim.

330 2546 372 2587 om
387 2528 480 2612 Quae
501 2527 578 2594 mihi
599 2551 678 2597 mox
698 2541 789 2598 certo
812 2531 936 2620 digesta
960 2532 1018 2598 sub
1042 2532 1154 2599 ordine
1176 2542 1316 2624 surgent.

384 2637 539 2704 Omnibus
562 2642 692 2707 existis
714 2644 794 2709 ratio
817 2652 867 2709 est
887 2642 1063 2731 repetenda
1085 2665 1144 2731 per
1166 2652 1275 2710 artem.

385 2747 508 2815 Pacata
528 2751 650 2817 infestis
673 2753 763 2841 signa
786 2762 822 2818 ut
841 2750 1025 2842 perdiscere
1046 2754 1159 2841 possis.

317 3057 353 3113 A.
379 3075 405 3113 r.
421 3060 476 3116 675
499 3058 638 3134 quadrata
756 3080 781 3117 v.
796 3064 849 3118 681
872 3059 1009 3133 iniungo
1042 3078 1088 3115 us.
1103 3063 1160 3118 687
1170 3078 1234 3139 sqq.
1254 3060 1295 3118 ita
1314 3080 1345 3119 se
1366 3060 1525 3139 excipiunt:

378 3138 446 3204 688,
466 3140 512 3204 89,
538 3142 584 3204 90,
606 3141 652 3194 87.
762 3157 787 3194 ν.
802 3141 858 3196 692
883 3137 1021 3194 Partitam
1042 3136 1156 3193 insectis

318 3286 352 3344 S.
380 3306 405 3343 v.
421 3290 476 3346 681
498 3307 534 3346 ex
553 3289 639 3365 longo
660 3309 701 3348 vs.
716 3294 773 3355 687
793 3291 925 3365 sequitur
943 3296 1011 3367 post
1030 3307 1070 3346 rs.
1086 3289 1151 3349 690.

318 3439 357 3496 Β.
380 3458 406 3497 v.
421 3443 477 3499 675
498 3441 594 3501 Altera
684 3463 711 3501 v.
726 3447 779 3503 681
802 3463 839 3501 ex
857 3445 943 3520 longo
1031 3461 1056 3499 v.
1071 3445 1127 3501 689
1148 3443 1221 3500 vires
1306 3461 1332 3502 r.
1347 3448 1403 3503 692
1424 3445 1526 3521 digno·

374 3535 455 3575 scere
1516 3566 1519 3570 ·

317 3668 356 3726 V.
379 3689 404 3727 v.
420 3674 473 3731 681
496 3692 532 3731 er
552 3675 634 3749 tooqo
653 3676 688 3731 L.
710 3674 745 3731 C.
767 3693 786 3729 o
806 3674 888 3748 lotrqo
909 3676 946 3733 V.
959 3680 986 3733 1.
999 3679 1027 3731 2.
1125 3692 1151 3729 v.
1166 3677 1222 3731 687
1242 3676 1371 3751 sequitur
1389 3674 1419 3729 in
1438 3672 1474 3729 V.
1496 3677 1525 3731 1.

379 3760 500 3826 postus.
514 3755 579 3809 690.
607 3752 686 3826 quod
706 3770 741 3808 eo
761 3753 851 3827 magis
871 3753 984 3819 mirere,
1005 3751 1072 3827 quia
1093 3750 1171 3806 libris
1191 3752 1289 3827 primis
1310 3753 1349 3807 ita
1369 3752 1398 3806 in
1419 3748 1524 3825 pleris-

378 3841 436 3901 que
457 3846 520 3884 cum
539 3828 575 3883 V.
587 3830 615 3885 2.
636 3829 801 3905 ‘conspirare
822 3828 912 3896 solet,
938 3838 969 3884 ut
988 3845 1076 3904 saepe
1102 3825 1168 3882 inde
1195 3827 1369 3905 descriptum
1387 3826 1525 3904 putarim3

378 3920 445 3959 nam
467 3906 582 3961 minima
603 3924 735 3980 quaeque
755 3905 822 3960 vitia
842 3924 930 3981 saepe
951 3925 1015 3961 curn
1037 3922 1071 3960 eo
1092 3905 1250 3959 communia
1270 3902 1367 3960 habet.
1431 3919 1457 3957 v.
1468 3903 1525 3960 688

381 3982 446 4037 Hoc
466 3991 525 4048 est,
549 3982 620 4038 nihil
640 3983 694 4038 sibi
714 3982 761 4037 uni
781 3983 810 4036 in
831 3985 961 4039 omuibus
982 3982 1082 4047 servit,
1111 3979 1163 4036 sed
1184 3981 1304 4038 aliorum
1323 3978 1459 4035 societate
1479 3977 1525 4035 vei

380 4058 530 4114 adiuvatur
554 4058 600 4115 vel
625 4058 805 4115 deminuitur.
845 4057 915 4114 Post
940 4057 1016 4113 lrunc
1043 4064 1137 4113 autern
1164 4077 1236 4113 unus
1256 4055 1301 4114 vel
1322 4056 1407 4114 etiam
1425 4053 1524 4130 plures

310 4183 313 4190 .
379 4151 479 4191 versus
498 4131 674 4192 exciderunt.
715 4137 821 4211 Aperte
842 4136 917 4191 euim
939 4134 1021 4191 deest
1039 4132 1070 4189 id
1082 4132 1160 4207 quod
1173 4134 1255 4190 astris
1268 4134 1339 4210 ipsis
1354 4129 1425 4188 fines
1437 4129 1524 4187 modo

380 4211 430 4268 dat
449 4211 536 4268 modo
556 4220 688 4289 occupat.
729 4211 809 4280 Quid
833 4231 901 4269 vero
932 4218 1061 4287 ereptum
1082 4212 1131 4276 sit,
1158 4212 1181 4266 si
1202 4211 1353 4285 sequentia
1372 4225 1523 4285 compara-

379 4288 463 4355 veris,
484 4287 607 4346 dubitari
627 4308 685 4345 uon
704 4297 808 4364 potest.
852 4288 1037 4345 Planetarurn
1057 4286 1132 4343 enim
1151 4288 1265 4344 brevem
1286 4285 1458 4343 mentionem
1477 4284 1523 4341 se-

378 4374 475 4435 cerat;
497 4384 567 4441 quos
583 4368 663 4443 ipsos
675 4383 740 4422 esse
755 4366 783 4422 in
795 4364 923 4421 ordinem
935 4372 964 4419 et
974 4382 1121 4419 numerum
1136 4362 1287 4419 vocandos.
1310 4361 1347 4419 cf.
1359 4380 1385 4418 v.
1395 4364 1523 4437 726sqq.

377 4446 481 4499 Proteo
500 4460 568 4498 vero
588 4460 629 4499 rs.
649 4442 842 4517 praecedente
861 4441 1003 4498 sactiones
1024 4458 1105 4509 esse,
1130 4447 1264 4506 nonest,
1286 4438 1364 4514 quod
1383 4456 1525 4495 moneam.

377 4536 405 4574 r.
421 4522 478 4577 692
497 4522 634 4576 Pacatum
654 4516 770 4588 toseriis
790 4516 927 4589 (inferens
947 4516 984 4573 V.
996 4512 1038 4588 2.)
1063 4517 1159 4591 possis
1178 4533 1286 4573 omnes.
1308 4515 1430 4572 correxit
1447 4514 1525 4571 Scal.

379 4613 416 4653 ex
436 4595 473 4651 G.
503 4595 638 4652 Fortasse
658 4596 687 4651 in
705 4612 795 4672 praua
814 4594 936 4651 lectione
957 4593 1036 4651 aliud
1050 4593 1129 4649 latet.
1159 4593 1284 4650 Nostrae
1299 4592 1439 4650 sententia
1452 4589 1525 4647 haec

379 4680 437 4730 est:
457 4681 488 4728 ut
507 4673 596 4749 signis
616 4672 786 4750 plerumque
805 4671 916 4728 infestis
936 4672 1020 4747 signa
1037 4687 1110 4727 novo
1131 4668 1230 4729 ordino
1250 4675 1355 4747 pecata
1365 4665 1524 4745 perdisces.
