3700 5609
322 581 367 660 '38
700 588 808 658 Lines
828 589 851 658 1.
894 616 925 657 v.
943 602 1137 659 ras-eoe

388 764 554 844 Conditor,
575 773 607 831 et
628 756 743 853 Pyrrhi
764 783 823 851 per
843 760 928 828 bella
950 762 1098 852 Papirius
1117 761 1211 846 ultor,

387 874 561 955 Fabricius,
584 873 766 962 Curiusque
788 894 892 961 pares,
915 881 948 937 et
970 874 1061 939 tertia
1084 873 1191 962 palma

389 982 569 1064 Marcellus,
592 983 779 1071 Cossusqua
801 983 888 1069 prior
911 980 950 1047 de
974 1003 1051 1071 rege
1072 993 1198 1065 necato,

388 1095 621 1182 Certantesque
643 1090 728 1157 Deci
748 1092 831 1156 votis
854 1090 1038 1180 similesque
1059 1091 1236 1182 triumphis,

338 1204 591 1291 rarlnvietusquc
614 1223 704 1266 mora
725 1199 853 1280 Fabius,
875 1203 1043 1291 victorque
1063 1204 1169 1268 necati

387 1313 498 1381 Livius
521 1307 740 1390 Hasdrubalis,
762 1310 852 1374 socio
873 1332 932 1399 per
954 1310 1038 1378 bella
1060 1311 1201 1394 Nerone,

390 1421 624 1512 Scipiadacque
648 1419 757 1500 duces,
779 1420 880 1484 falum
902 1419 1103 1505 Carthaginis
1125 1444 1236 1505 unum,

387 1534 625 1622 Pompeiusque
648 1529 732 1595 orbis
756 1529 903 1612 domitor,
924 1552 984 1618 per
1003 1532 1124 1620 trisque
1146 1530 1325 1622 triumphos

387 1643 472 1708 Ante
495 1641 591 1706 deun
612 1639 771 1728 princeps,
795 1647 827 1704 et
849 1662 950 1707 censu
973 1639 1096 1705 Tullius
1120 1642 1185 1706 oris

337 1774 376 1815 aas
389 1754 548 1821 Emeritus
572 1747 706 1829 caelum,
730 1758 761 1815 et
783 1747 898 1815 Claudi
920 1771 1037 1837 magna
1058 1771 1214 1838 propago,

387 1860 607 1950 Aemiliaeque
630 1860 744 1924 domus
765 1882 926 1948 proceres,
950 1857 1090 1949 clarique
1113 1858 1242 1942 Metelli,

388 1972 431 2038 Et
453 1971 535 2039 Cato
558 1970 705 2036 loctunae
727 1971 839 2051 victor,
860 1971 1036 2059 matrisque
1058 1969 1117 2035 sub
1139 1970 1237 2034 armis

387 2081 479 2151 llliles
500 2080 643 2169 Agrippa
665 2097 753 2157 suae,
774 2078 978 2169 Venerisque
1000 2078 1039 2144 ab
1064 2079 1184 2166 origine
1204 2079 1314 2168 proles

386 2191 473 2259 Julia
495 2189 660 2256 descendit
681 2186 782 2269 caelo,
805 2187 995 2277 caelumque
1017 2187 1167 2277 replevil3

336 2320 376 2362 aa
389 2300 485 2387 Quod
508 2301 590 2389 regit
610 2301 774 2389 Augustus
797 2300 885 2365 socio
907 2321 967 2389 per
988 2301 1078 2388 signa
1100 2299 1258 2383 Tonante,

388 2411 499 2480 Cernit
521 2418 554 2473 et
574 2407 606 2473 in
630 2418 725 2473 coetu
742 2408 877 2490 Divum,
899 2427 1117 2499 magnumque
1140 2410 1319 2493 Quirinum,

386 2520 489 2586 Allius
513 2517 654 2583 aetherei
677 2538 773 2607 quam
796 2517 913 2584 candet
935 2517 1071 2584 circulus
1095 2518 1188 2583 orbis.

386 2626 442 2693 llla
466 2627 562 2694 deum
583 2628 687 2709 sedes,
709 2626 790 2692 haec
811 2624 872 2691 illis
894 2629 1051 2716 proxima,
1075 2628 1184 2694 divum

307 2751 309 2756 '
388 2739 453 2825 Qui
474 2739 590 2804 virtute
612 2759 671 2803 sua
693 2734 811 2802 similes
832 2738 969 2826 vestigia
990 2745 1134 2825 tangunt.

340 2868 379 2910 aa
457 2848 506 2915 Ac
527 2848 614 2938 prius
636 2846 787 2938 incipiam
809 2844 909 2912 stellis
932 2865 1029 2937 mam
1051 2847 1186 2915 reddere
1206 2850 1292 2917 vires

388 2960 628 3048 signorumque
651 2979 765 3024 canam
786 2955 894 3023 fatalia
917 2958 1059 3023 carmine
1080 2959 1160 3041 iura,

385 3066 621 3156 implendoest
641 3068 752 3134 mundi
773 3067 872 3133 facies
894 3087 1075 3156 corpusque
1097 3085 1273 3157 peremne
1316 3061 1318 3066 ¹

389 3176 550 3267 Quicquid
571 3175 689 3268 ubique
711 3180 805 3257 nitet,
832 3177 942 3266 vigeat
965 3177 1173 3269 quandoque,
1200 3182 1379 3251 notandum
1403 3195 1460 3253 ess.

321 3433 355 3488 Α.
380 3450 407 3486 v.
422 3436 478 3490 786
501 3442 531 3488 ut
549 3433 616 3507 Pyr.
733 3453 759 3488 v.
774 3438 832 3492 789
853 3443 995 3493 certantes
1014 3436 1098 3495 Decii
1214 3377 1308 3500 ubas
1331 3441 1456 3501 Claudia

379 3526 405 3564 v.
420 3512 477 3565 800
496 3509 640 3583 Augustos
720 3527 743 3565 r.
758 3512 814 3569 805
835 3512 890 3566 Hie
1489 3553 1494 3559 -

322 3635 353 3692 S.
380 3654 405 3691 v.
419 3640 477 3695 787
498 3637 635 3710 Curiique
712 3656 738 3693 v.
753 3641 809 3695 802
831 3655 887 3711 qua

320 3762 356 3821 Β.
377 3780 403 3819 r.
417 3766 474 3822 789
495 3772 637 3822 certantes
656 3765 739 3821 Decii
827 3783 852 3820 v.
866 3768 924 3823 790
943 3765 1062 3822 nefandi
1155 3790 1180 3827 r.
1192 3774 1250 3830 792
1268 3772 1317 3830 Se.
1339 3772 1397 3830 duo
1417 3805 1456 3817 -
1474 3778 1527 3847 (ira

379 3840 436 3896 iam
454 3840 488 3897 P.
508 3841 659 3909 Francius,
687 3843 717 3898 in
736 3850 806 3897 nott.
827 3860 903 3908 mss,
931 3860 1003 3916 quae
1026 3846 1169 3918 quondam
1187 3847 1312 3905 Bentleii
1331 3850 1472 3924 luerunt)
1493 3873 1526 3910 ac

378 3934 476 3973 verum
497 3917 615 3974 ridetur.
679 3936 704 3974 v.
718 3919 776 3976 794
796 3919 868 3974 Ante
889 3918 965 3975 diem
1028 3927 1123 3979 v.795
1143 3924 1177 3979 E.
1198 3924 1293 3982 fasces
1356 3931 1455 3985 v,797
1474 3933 1526 3986 sub

277 4024 279 4026 >
378 3992 453 4049 arinis
464 4024 502 4034 -—
511 4003 579 4071 post
590 4013 629 4050 rs.
643 3995 700 4051 sot
715 3994 803 4051 habet
813 4013 852 4051 vs.
864 3996 1016 4064 sos—12,
1029 4016 1100 4073 qrros
1112 4003 1257 4077 expungit.
1335 4021 1360 4059 v.
1373 4005 1430 4062 805
1441 4006 1526 4063 Nunc

377 4087 403 4127 v.
417 4070 474 4129 807
494 4088 655 4146 censusque
733 4090 758 4128 v.
772 4077 829 4130 808
849 4071 937 4128 delet.

320 4194 357 4252 V.
378 4213 404 4252 v.
418 4200 476 4255 787
493 4216 598 4273 pareas
617 4200 651 4256 L.
748 4219 774 4254 v.
788 4201 845 4257 788
869 4206 969 4257 notato
994 4219 1102 4259 omnes.
1199 4222 1225 4260 v.
1238 4208 1296 4263 789
1321 4204 1393 4264 deest
1417 4227 1524 4267 omnes.

380 4292 403 4327 v.
418 4276 475 4330 790
494 4272 596 4345 lisoius
609 4294 717 4333 omues.
806 4295 831 4333 r.
845 4280 902 4334 793
922 4284 1033 4353 tresque
1043 4280 1076 4335 L.
1099 4278 1167 4354 (sed
1181 4300 1195 4337 a
1207 4298 1224 4337 a
1240 4300 1311 4339 corr.
1325 4283 1434 4341 factrnn
1443 4305 1480 4343 ex
1491 4289 1525 4355 l.)

377 4366 404 4404 v.
418 4348 476 4406 794
501 4351 581 4408 doum
608 4353 774 4431 (superscr.
801 4356 854 4409 int.
875 4353 974 4410 iulium
992 4353 1041 4427 L.)
1069 4375 1177 4414 ornnes.
1293 4375 1319 4415 v.
1333 4362 1390 4418 795
1410 4361 1526 4420 alaudia

378 4424 454 4483 V.1.
468 4429 496 4480 2.
517 4428 550 4483 L.
574 4429 608 4485 C.
629 4429 726 4487 claudi
746 4431 782 4485 G.
802 4430 911 4485 Mavult
935 4432 1037 4489 Clausi
1055 4432 1133 4489 Scal.
1249 4453 1274 4490 v.
1292 4440 1351 4496 798
1369 4443 1526 4515 uanumque

379 4519 486 4558 omues.
563 4519 589 4559 v.
604 4507 661 4563 804
679 4507 783 4563 similis
802 4507 838 4562 V.
856 4510 883 4563 1.
896 4511 923 4563 2.
945 4508 979 4563 L.
1002 4510 1065 4582 (ubi
1086 4529 1158 4569 corr.
1171 4512 1322 4590 el-pdst
1341 4531 1383 4571 rs.
1395 4516 1524 4591 804sqq.

377 4592 434 4633 vss.
449 4581 594 4636 809-12
613 4582 642 4637 in
662 4583 801 4640 omnibus.
830 4582 932 4638 Brevis
950 4586 1130 4660 planetarum
1149 4590 1255 4645 mentio
1276 4589 1380 4647 deesse
1397 4610 1524 4670 nonpo-

323 4663 325 4667 '
376 4654 522 4789 lesdis}
540 4655 652 4713 venisse
673 4677 691 4714 a
710 4659 828 4715 Manilio
850 4677 889 4715 rs.
904 4664 955 4718 811
971 4666 1058 4719 etta.
1080 4680 1165 4742 aegre
1184 4664 1253 4721 mihi
1272 4667 1448 4742 persuadeo.

376 4748 404 4787 r.
523 4749 537 4788 o
557 4751 665 4789 omues.
