3700 5609
675 602 781 671 Lmen
801 600 838 670 u
880 626 912 669 v.
935 611 1122 672 366-382.

388 775 432 842 Et
454 774 609 842 Geminos
632 797 651 841 a
673 783 704 841 te
726 774 838 841 Pisces
862 797 1039 865 aversaque
1062 773 1170 839 Tauro

389 887 503 954 Sidera
527 886 715 975 contingens
738 883 805 950 linit
827 908 890 976 qua
913 892 1065 973 coeperat
1087 884 1206 950 orbem.

389 996 528 1063 Alterius
552 977 666 1062 ductus
689 996 779 1061 locus
803 1004 852 1061 est
872 1018 932 1085 per
953 996 1084 1060 transita
1107 995 1207 1083 signa,

389 1108 498 1197 thue
522 1129 561 1172 ea
580 1116 774 1195 praetereas,
796 1128 878 1195 quae
901 1115 976 1171 sunt
990 1104 1067 1170 milri
1088 1102 1212 1193 singula
1234 1103 1327 1184 dicta,

338 1216 541 1284 sanlexibus
565 1225 597 1282 et
618 1216 751 1281 totidem
773 1214 881 1281 similis
903 1218 945 1280 sit
967 1213 1103 1282 circulus
1125 1213 1179 1280 illi.

389 1330 608 1395 Transverscs
629 1326 726 1413 igitur
747 1326 874 1415 lugiunt
895 1325 1064 1392 subeuntia
1086 1326 1185 1406 visus,

390 1437 486 1523 Quod
508 1435 601 1501 nimis
622 1433 753 1501 inclinat
775 1459 864 1518 acne,
886 1436 1033 1525 limisque
1056 1434 1212 1516 videntur,

389 1549 569 1636 Vicinoque
591 1543 707 1626 latent;
728 1570 770 1612 ex
792 1556 880 1613 recto
904 1547 1021 1612 certior
1041 1546 1133 1611 ictus.

390 1658 498 1724 Tertia
521 1677 670 1722 convexa
694 1656 875 1723 conduntur
896 1658 988 1745 signa
1010 1678 1150 1722 recessu.

337 1788 377 1831 aas
389 1768 432 1835 Et
454 1790 537 1858 quae
559 1766 703 1832 succedit
724 1789 871 1833 connexa
894 1776 927 1832 et
947 1765 1031 1831 linea
1054 1765 1143 1832 caelo
1168 1776 1225 1848 est,

390 1876 535 1967 (Singula
557 1880 692 1944 circuitu
715 1900 797 1967 quae
820 1885 944 1942 tantum
965 1885 1109 1942 transeat
1129 1872 1225 1961 astra)

386 1990 446 2057 Vis
469 1989 536 2054 eius
558 1986 672 2078 procul
699 1997 749 2054 est
777 1986 906 2078 altoque
934 1995 1070 2075 vagatur
1093 1985 1242 2077 Olympo,

387 2101 430 2168 Et
450 2110 563 2166 tenues
587 2100 671 2165 vires
694 2098 855 2189 exlongo
878 2100 975 2164 mittit
993 2099 1025 2163 in
1048 2096 1168 2163 orbem.

391 2210 457 2278 Sed
479 2219 587 2275 tamen
610 2219 660 2275 est
680 2208 740 2274 illis
763 2208 876 2275 loedus
900 2209 959 2276 sub
981 2208 1054 2296 lege
1076 2210 1271 2299 propinqum

337 2339 378 2381 380
391 2319 488 2405 Quod
508 2341 572 2384 non
596 2320 758 2387 diversum
780 2342 882 2407 genus
906 2329 964 2401 est,
988 2318 1073 2409 quud
1096 2318 1241 2383 euntibus
1264 2321 1355 2385 astris

387 2427 532 2498 Mascula
553 2453 613 2495 sex
631 2430 770 2495 maribus
793 2430 997 2520 respondent,
1020 2438 1128 2495 cetera
1149 2452 1247 2494 sexus

388 2540 532 2606 Feminei
554 2562 613 2605 sex
636 2541 833 2629 coniungunt
855 2542 1048 2607 commercia
1070 2538 1190 2606 mundi.

322 2777 359 2831 A.
387 2792 413 2828 r.
429 2775 486 2829 366
507 2771 685 2846 adversaque
783 2790 810 2826 v.
825 2773 881 2829 369
901 2780 1081 2848 praeteream
1177 2790 1202 2827 v.
1216 2776 1272 2831 370
1291 2772 1323 2829 fit
1341 2805 1379 2815 -
1399 2775 1465 2833 illis.

383 2869 410 2907 v.
425 2853 481 2906 372
501 2848 638 2904 inclinant
658 2868 692 2905 ac
711 2867 748 2905 ne
827 2867 852 2904 v.
867 2849 924 2905 374
945 2867 1081 2905 converso
1163 2866 1189 2905 r.
1205 2854 1260 2907 375
1279 2870 1407 2909 connexa
1427 2863 1471 2910 est
1489 2885 1527 2895 —-

383 2925 464 2983 caelo
542 2944 568 2980 v.
583 2928 639 2983 370
658 2924 792 2982 Phoebus
812 2957 850 2966 -
869 2925 1048 3001 propinquus
1130 2944 1156 2980 r.
1171 2928 1225 2983 381
1248 2926 1302 2984 sed
1377 2947 1404 2984 v.
1419 2933 1476 2987 382
1495 2950 1527 2988 se

322 3056 355 3113 S.
382 3074 407 3111 v.
421 3057 477 3111 366
499 3053 677 3128 adversaque
775 3072 801 3110 v.
815 3056 872 3110 370
891 3050 923 3107 fit
939 3052 1053 3109 -inis.
1152 3072 1177 3109 v.
1192 3056 1249 3111 372
1271 3054 1417 3124 inclinant,
1438 3075 1472 3113 ac
1490 3077 1526 3115 ne

381 3134 478 3265 {1335
498 3132 721 3263 AstiE-cunnexa
734 3139 827 3187 est—
841 3129 923 3186 caelo
1001 3148 1027 3186 r.
1043 3132 1098 3187 376
1118 3137 1275 3189 transmeat
1351 3152 1377 3190 v.
1392 3137 1449 3191 382
1469 3135 1526 3193 Fe·

320 3336 359 3395 B.
380 3354 405 3392 r.
420 3339 477 3393 370
495 3335 541 3392 Fl.
560 3334 607 3391 hic
625 3368 664 3377 -
683 3335 715 3392 fit
810 3355 835 3395 v.
850 3340 904 3393 371
928 3334 1084 3410 sexangula
1105 3336 1180 3392 visus
1274 3356 1300 3395 v.
1316 3341 1372 3396 372
1391 3338 1527 3395 inclinant

382 3413 471 3469 aciem
551 3431 575 3465 v.
591 3414 647 3470 374
666 3414 752 3470 eiicit.
831 3432 857 3469 v.
871 3414 926 3470 375
946 3412 983 3466 At
1004 3413 1066 3488 quis
1085 3412 1197 3469 accedit
1212 3432 1338 3472 convexo
1353 3415 1429 3472 linea
1445 3416 1526 3472 caelo

381 3508 408 3620 ζ.
421 3492 479 3623 3ξέ
497 3488 599 3623 ἔίεὲιέο
602 3508 648 3624 5115
725 3509 752 3548 r.
765 3494 823 3547 380
842 3497 887 3547 est
899 3507 998 3564 genus,
1019 3489 1225 3546 alternantibus
1303 3511 1328 3549 v.
1344 3494 1398 3549 381
1420 3492 1459 3549 Μ.
1473 3492 1526 3551 sed

321 3696 360 3754 V.
383 3714 408 3751 v.
424 3696 480 3750 366
502 3693 672 3769 adversaque
691 3712 800 3751 omnes.
822 3712 894 3750 corr.
915 3694 952 3749 B.
1067 3713 1093 3750 r.
1110 3699 1166 3753 368
1186 3696 1358 3754 Altaratc-
1377 3716 1485 3753 omnes.

381 3790 407 3827 v.
422 3774 479 3827 370
498 3773 537 3827 ait
557 3790 665 3827 omnes.
694 3773 774 3829 Alter
794 3769 895 3825 ductus
916 3781 961 3827 est
979 3789 1033 3848 per
1052 3772 1133 3845 signa
1153 3774 1281 3841 transita,
1302 3774 1390 3840 etita,
1404 3774 1525 3848 utsigna

282 3871 286 3885 ,-
383 3848 460 3903 dicta
479 3857 656 3924 praetereas,
677 3858 705 3905 et
726 3848 837 3904 circulis
853 3848 895 3902 'sit
914 3848 956 3903 illi
977 3847 1085 3904 similis.
1107 3847 1179 3905 atus
1199 3867 1307 3906 omnes.
1329 3868 1400 3905 corr.
1422 3849 1458 3904 B.

380 3944 407 3982 v.
421 3927 476 3981 371
498 3924 623 3999 Fugiunt
645 3926 734 3994 visus,
756 3926 823 4000 quia
838 3926 1017 3982 transversos
1039 3925 1170 3981 subeunt.
1268 3945 1293 3982 v.
1308 3930 1364 3983 372
1383 3944 1417 3982 aa
1435 3944 1469 3982 aa
1487 3928 1524 3984 V.

381 4006 448 4060 1.2.
469 4000 503 4055 C.
532 4019 603 4058 anne
623 4002 660 4059 G.
682 4002 732 4069 L.,
756 4000 809 4058 sed
829 4019 970 4077 superscr.
992 4020 1025 4058 uc
1044 4019 1086 4057 nc.
1116 4000 1236 4060 inclinat
1256 4022 1365 4060 omnes.
1393 4002 1457 4077 Ego
1477 4022 1524 4060 re-

381 4077 468 4134 stitui.
500 4078 669 4134 conanimis
689 4080 854 4144 inclinatur,
876 4096 926 4133 seu
949 4096 980 4134 se
997 4076 1123 4134 inclinat.
1202 4098 1228 4136 v.
1243 4083 1299 4138 375
1320 4096 1440 4137 convexo
1452 4078 1526 4137 ltaeu

380 4153 454 4211 caelu
473 4154 507 4210 L.
529 4173 655 4212 connexa
673 4162 715 4212 cst
735 4155 808 4212 ltacu
828 4152 903 4210 caelu
925 4154 961 4210 V.
975 4158 1001 4211 1.
1023 4171 1151 4211 cenareau
1171 4155 1246 4213 tinea
1266 4156 1351 4213 caelo.
1385 4156 1448 4230 Ego
1459 4176 1523 4212 cor-

379 4232 450 4288 rexi.
492 4232 575 4299 Quae
595 4232 673 4289 linea
693 4232 774 4289 eaelo
795 4230 923 4287 succedit
943 4240 972 4287 et
994 4231 1021 4287 ei
1047 4250 1176 4289 connexa
1197 4243 1254 4303 est;
1280 4234 1299 4290 i.
1321 4252 1346 4291 e.
1369 4252 1443 4308 quae
1464 4234 1523 4289 sin-

380 4307 448 4382 gula
470 4327 601 4383 quaeque
622 4311 704 4384 signa
723 4310 821 4383 tangit.
861 4311 902 4363 nt
921 4315 965 4364 est
984 4310 1077 4363 ctiam.
1192 4328 1218 4364 v.
1233 4313 1289 4367 377
1314 4328 1418 4385 cauare
1437 4310 1474 4367 V.
1494 4315 1523 4368 2.

378 4390 527 4457 acuuntur,
548 4386 636 4443 ceteri
656 4404 728 4442 corr.
750 4385 827 4441 Scal.
848 4414 887 4423 -
910 4384 1021 4441 tenebis
1042 4390 1198 4458 acuantur,
1225 4385 1249 4442 si
1269 4406 1331 4442 cum
1352 4388 1388 4443 B.
1408 4388 1524 4456 scribes,

382 4464 469 4517 Visus
487 4464 536 4518 ets.
577 4462 665 4528 Quod
683 4461 824 4518 interdum
845 4461 942 4516 nescio
962 4480 998 4517 an
1018 4479 1114 4518 verum
1136 4462 1181 4517 sit.
1289 4482 1314 4519 v.
1329 4467 1385 4522 370
1404 4462 1526 4537 placatus

379 4536 416 4594 V.
431 4543 460 4594 1.
483 4538 517 4593 C.
530 4538 564 4593 L.
577 4539 613 4593 G.
636 4538 736 4613 qulbus
755 4539 792 4594 V.
804 4542 832 4593 2.
847 4556 919 4593 corr.
937 4537 1015 4593 Scal.
1099 4555 1124 4594 v.
1139 4541 1192 4595 381
1215 4540 1350 4596 Mascula
1370 4540 1419 4596 sad
1438 4541 1472 4595 L.
1486 4542 1522 4597 G.

380 4616 406 4669 st
427 4615 502 4670 V.1.
524 4614 650 4671 Maecali
668 4614 829 4672 cantatibus
849 4614 884 4669 V.
901 4618 930 4670 2.
952 4633 1026 4671 carr.
1047 4614 1126 4674 scal.
1150 4615 1198 4673 Vl.
1219 4617 1247 4672 in
1267 4620 1296 4673 st
1315 4617 1435 4674 transiit.

379 4708 406 4746 r.
420 4694 478 4749 382
497 4694 530 4748 F.
550 4710 580 4747 se
599 4691 633 4749 L.
656 4692 693 4749 G.
715 4692 751 4748 V.
771 4696 798 4749 1.
821 4691 856 4749 C.
897 4693 1007 4747 Feartaa
1031 4708 1118 4747 sesua
1142 4693 1261 4768 inuuunt
1284 4692 1322 4751 V.
1336 4696 1366 4752 2.
1397 4694 1467 4767 Hic,
1492 4702 1524 4750 ut

379 4784 477 4845 saepe,
497 4768 557 4826 reri
576 4767 698 4845 vestigia
716 4786 844 4827 servans.
875 4767 999 4826 correxit
1017 4766 1097 4827 Scal.
