3700 5609
650 565 756 636 Lrerru
777 566 799 634 l.
843 592 872 633 v.
896 575 1087 634 eae-829.

343 741 426 809 Sunt
447 738 509 806 alia
531 738 668 816 adverso
691 739 864 828 pugnantia
886 736 992 804 sidera
1012 735 1144 816 mundo,

289 869 329 909 ⁸1⁰
343 850 436 935 Quae
459 857 576 914 terram
598 846 786 935 caelumque
807 848 890 914 inter
911 845 1075 912 volitantia
1097 841 1246 933 pendent,

341 958 481 1038 Saturni,
503 956 597 1038 lovis,
621 965 654 1022 et
675 956 794 1038 Martis,
816 956 976 1045 Solisque,
1000 954 1057 1020 sub
1080 952 1140 1019 illis

339 1068 517 1136 Mercurius
538 1065 702 1132 Venerem
714 1067 805 1154 ‚iuter
828 1067 892 1155 agit
912 1063 1102 1154 Lunamque
1125 1061 1257 1128 locatus.

340 1178 424 1245 Sunt
446 1178 542 1243 etiam
564 1176 627 1240 rari
649 1176 725 1240 sorti
746 1175 859 1241 natalis
884 1184 1006 1256 euntes,

339 1286 500 1354 Proteuus
524 1294 557 1352 et
578 1288 670 1374 rapti.
704 1284 823 1350 subitas
846 1286 1041 1350 candescere
1063 1283 1208 1350 flarnmas

287 1414 327 1453 ⁸1⁵
342 1396 425 1463 Aera
448 1393 691 1486 perliquidum,
713 1396 880 1483 [actosque
903 1396 1007 1482 perire
1029 1401 1171 1460 cometas

339 1505 426 1571 Rara
448 1529 506 1595 per
527 1506 672 1595 ingentes
695 1503 843 1572 viderunt
862 1501 992 1569 saecula
1014 1510 1130 1590 nautes.

341 1615 418 1681 Sive
443 1614 538 1704 quod,
560 1616 736 1703 ingenitum
759 1622 843 1680 terra
865 1615 1005 1703 spirante
1027 1633 1191 1700 vaporem,

338 1722 508 1790 Hurnidior
530 1726 616 1791 sicca
637 1733 807 1813 superatur·
828 1723 956 1812 spiritus
980 1744 1065 1800 aura,

338 1832 456 1900 Nubila
479 1857 552 1900 curn
572 1832 669 1921 longo
693 1843 821 1901 cessant
843 1830 975 1921 depulsa
997 1854 1122 1911 sereno,

286 1962 328 2001 82⁰
340 1942 383 2009 Et
404 1942 480 2010 solis
503 1942 597 2020 radiis
621 1942 737 2010 arescit
758 1941 894 2006 torridus
918 1963 989 2022 aer;

339 2052 422 2141 Apta
445 2052 593 2119 alimenta
615 2050 675 2117 sibi
696 2049 843 2116 dimissus
867 2050 997 2139 corripit
1017 2051 1110 2139 ignis

338 2161 569 2251 Materiemque
592 2163 642 2228 sui
663 2159 832 2249 deprendit
853 2159 982 2225 flamma
1005 2182 1164 2249 rapacem.

339 2272 381 2337 Et
404 2272 564 2361 quianon
587 2270 724 2336 solidum
747 2278 796 2337 est
818 2292 945 2359 corpus,
967 2270 1024 2335 sed
1048 2292 1119 2335 rara
1142 2279 1300 2358 vagantur

338 2380 500 2470 Principia
525 2404 674 2448 aurarum
697 2379 883 2469 volucrique
906 2379 1064 2456 simillima
1085 2380 1184 2459 lunio,

284 2489 373 2557 ersln
395 2490 494 2556 breve
517 2491 595 2555 vivit
617 2513 707 2580 opus,
730 2498 908 2578 coeptaque
930 2487 1077 2576 incendia
1098 2487 1161 2554 line

337 2599 530 2679 Subsistent,
552 2601 734 2689 pariterque
757 2599 876 2665 cadunt
896 2598 1083 2689 fulgentque
1106 2608 1261 2688 cornetae.

337 2708 516 2794 Quodnisi
535 2708 657 2774 vicinos
681 2718 813 2800 agerent
834 2708 1001 2775 occasibus
1024 2719 1122 2793 ortus,

337 2818 379 2885 Et
400 2827 467 2884 tam
488 2840 587 2907 parva
611 2819 716 2886 forent
737 2820 879 2886 accensis
904 2829 1049 2910 tempora
1071 2819 1217 2902 flameris,
1274 2905 1278 2910 ¹
1308 2905 1311 2911 Ι

336 2927 427 2996 Alter
448 2936 544 2994 nocte
567 2927 632 2994 dies
656 2939 750 3011 esset,
773 2927 962 3019 caelumque
985 2928 1102 2995 rediret

268 3204 305 3261 A.
330 3221 357 3261 v.
369 3206 427 3262 808
448 3202 543 3261 aare
561 3204 629 3260 incl.
650 3213 808 3280 sequuntur
819 3214 885 3282 post
897 3223 937 3261 vs.
951 3207 1016 3265 804.
1080 3225 1105 3262 v.
1120 3210 1177 3264 811)
1192 3206 1301 3264 caelum
1311 3213 1473 3281 terramque

328 3298 355 3337 v.
369 3283 427 3338 818
447 3298 529 3338 rarae
549 3281 633 3336 sortis
692 3300 717 3337 v.
732 3282 788 3340 814
808 3284 910 3362 raptirn
976 3302 1001 3339 v.
1016 3285 1072 3342 815
1092 3292 1255 3359 tractosque
1316 3303 1340 3341 v.
1353 3286 1410 3344 822
1423 3301 1473 3340 ca.-

326 3374 430 3436 pacem
507 3373 534 3412 v.
547 3358 602 3415 826
622 3355 750 3431 fulgente
771 3366 881 3415 cometa

267 3502 303 3561 S.
324 3521 349 3561 v.
364 3506 421 3561 810
442 3502 552 3559 caelurn
572 3513 733 3579 terramque
810 3524 836 3561 v.
851 3510 907 3564 813
928 3525 1010 3563 rarae
1031 3508 1114 3563 sortis
1205 3525 1228 3563 v.
1244 3509 1299 3564 815
1320 3514 1385 3562 ante
1406 3506 1471 3563 814.

327 3578 427 3637 v.814
447 3581 549 3657 raptirn
617 3599 640 3637 v.
655 3585 711 3639 815
731 3590 895 3658 tractosque
959 3603 984 3640 v.
999 3587 1055 3643 825
1078 3593 1239 3662 coeptoque
1299 3602 1324 3641 v.
1336 3586 1392 3642 826
1412 3582 1472 3640 fut-

326 3664 413 3732 gente
432 3665 543 3713 cometa

267 3804 304 3861 B.
325 3822 352 3860 v.
366 3806 424 3860 813
444 3803 518 3859 Sunt
537 3806 640 3861 etenirn
658 3807 729 3861 raris
749 3808 804 3863 orti
823 3808 964 3864 natalibus
985 3809 1064 3883 ignes
1171 3826 1196 3862 v.
1212 3807 1268 3865 814
1288 3807 1390 3883 raptim

326 3899 354 3936 v.
368 3883 426 3937 815
446 3890 586 3955 natosque
606 3913 644 3921 —
661 3900 818 3958 versusque
837 3894 867 3938 ut
878 3885 956 3941 Scal.
969 3886 1138 3962 transponit.
1217 3901 1242 3939 v.
1258 3886 1315 3940 822
1336 3898 1472 3959 capacem

326 3974 354 4015 v.
367 3958 425 4016 825
446 3957 573 4032 citraque
593 3958 726 4016 incendia
745 3960 830 4017 lirneu
909 3980 932 4017 v.
947 3964 1003 4019 826
1024 3971 1197 4037 surguntque
1219 3979 1243 4016 c.

266 4103 305 4162 V.
325 4122 353 4162 v.
368 4107 425 4162 810
445 4110 550 4161 terrem
570 4104 731 4181 coelumque
750 4125 857 4163 ornnes.
941 4127 967 4164 v.
981 4112 1038 4167 813
1058 4108 1100 4164 lta
1121 4126 1227 4165 ornnes.
1257 4109 1330 4172 rari,
1349 4124 1389 4162 sc.
1412 4104 1471 4161 Co-

327 4189 434 4238 metae.
464 4183 546 4249 sorti,
567 4183 700 4256 antiquus
722 4183 874 4249 ablativus,
897 4194 926 4239 ut
945 4188 1032 4259 paru,
1052 4188 1124 4251 lovi,
1146 4184 1194 4239 alii
1215 4182 1294 4260 apud
1312 4182 1389 4240 Maru.
1412 4181 1471 4237 Co·

324 4266 421 4315 metae
442 4258 499 4313 rari
518 4265 599 4324 eunt,
627 4267 703 4316 sorte
730 4258 834 4315 natalis
860 4260 918 4316 diei
941 4261 984 4316 vel
1003 4262 1148 4338 temporis.
1264 4277 1291 4316 r.
1305 4258 1363 4317 814
1382 4261 1473 4333 rupti,

325 4353 437 4391 ornnes.
555 4351 579 4390 v.
593 4336 648 4391 815
669 4341 833 4409 tractosque
853 4355 968 4407 ornnes3
992 4335 1144 4412 factosque
1163 4338 1287 4406 correxi3
1313 4345 1421 4412 argute,
1442 4343 1473 4390 ut

325 4430 368 4467 vs.
383 4412 441 4470 825
462 4417 561 4485 coepta
579 4408 635 4481 fine
660 4413 773 4468 brevem
801 4423 975 4472 cometarum
1001 4433 1113 4470 cursura
1139 4413 1283 4472 describit.
1316 4415 1341 4471 si
1364 4419 1474 4471 tructos

324 4497 418 4556 tenes,
438 4487 626 4576 interpretare
646 4486 683 4544 de
705 4488 781 4544 crine
801 4488 896 4564 longo,
908 4492 955 4565 qui
968 4490 1052 4547 modo
1067 4490 1216 4559 decrescit,
1229 4490 1315 4547 modo
1329 4490 1471 4546 increscit.

323 4582 352 4621 v·
365 4567 425 4624 820
445 4582 584 4639 suspicor,
602 4567 730 4621 fatescit.
819 4584 844 4621 v.
859 4570 912 4624 821
935 4568 1010 4624 Anto
1029 4586 1135 4624 omues.
1223 4586 1249 4626 u.
1263 4571 1320 4625 822
1340 4581 1473 4640 cuperent

325 4639 361 4696 L.
385 4639 420 4697 C.
439 4657 571 4714 rupnccru
591 4638 626 4695 V.
639 4643 703 4697 1.2.
802 4659 826 4697 v.
841 4646 896 4702 825
917 4651 1067 4719 coeptaque
1092 4663 1199 4702 ornnes.
1297 4638 1473 4714 8826111-

323 4722 408 4791 gente
428 4715 464 4774 V.
477 4721 504 4773 1.
516 4720 544 4775 2.
565 4722 671 4773 cenacto
691 4736 797 4775 omues.
818 4737 890 4776 corr.
910 4718 946 4777 B.
