<?xml version="1.0" encoding="UTF-8"?>
<!DOCTYPE html PUBLIC "-//W3C//DTD XHTML 1.0 Transitional//EN"
    "http://www.w3.org/TR/xhtml1/DTD/xhtml1-transitional.dtd">
<html xmlns="http://www.w3.org/1999/xhtml" xml:lang="en" lang="en">
 <head>
  <title>
</title>
<meta http-equiv="Content-Type" content="text/html;charset=utf-8" />
  <meta name='ocr-system' content='tesseract 3.04.00' />
  <meta name='ocr-capabilities' content='ocr_page ocr_carea ocr_par ocr_line ocrx_word'/>
</head>
<body>
  <div class='ocr_page' id='page_1' title='image "./mmaniliastronom00jacogoog/mmaniliastronom00jacogoog_0052.png"; bbox 0 0 3700 5609; ppageno 0'>
   <div class='ocr_carea' id='block_1_1' title="bbox 317 596 1155 675">
    <p class='ocr_par' dir='ltr' id='par_1_1' title="bbox 317 596 1155 675">
     <span class='ocr_line' id='line_1_1' title="bbox 317 596 1155 675; baseline -0.008 0"><span class='ocrx_word' id='word_1_1' title='bbox 317 596 362 675; x_wconf 80' lang='grc'><strong>22</strong></span> <span class='ocrx_word' id='word_1_2' title='bbox 707 601 815 673; x_wconf 78' lang='lat' dir='ltr'><strong>brnen</strong></span> <span class='ocrx_word' id='word_1_3' title='bbox 835 600 858 671; x_wconf 84' lang='lat'><strong>1.</strong></span> <span class='ocrx_word' id='word_1_4' title='bbox 902 627 934 669; x_wconf 86' lang='lat' dir='ltr'><strong>v.</strong></span> <span class='ocrx_word' id='word_1_5' title='bbox 958 604 1155 669; x_wconf 68' lang='lat' dir='ltr'><strong>tro-tos.</strong></span> 
     </span>
    </p>
   </div>
   <div class='ocr_carea' id='block_1_2' title="bbox 335 769 1432 2839">
    <p class='ocr_par' dir='ltr' id='par_1_2' title="bbox 381 769 1205 867">
     <span class='ocr_line' id='line_1_2' title="bbox 381 769 1205 867; baseline -0.015 -21"><span class='ocrx_word' id='word_1_6' title='bbox 381 779 546 867; x_wconf 81' lang='lat' dir='ltr'><strong>Squameu</strong></span> <span class='ocrx_word' id='word_1_7' title='bbox 569 775 729 867; x_wconf 79' lang='lat' dir='ltr'><strong>dispositis</strong></span> <span class='ocrx_word' id='word_1_8' title='bbox 750 776 893 841; x_wconf 77' lang='lat' dir='ltr'>imitatur</span> <span class='ocrx_word' id='word_1_9' title='bbox 914 772 1036 839; x_wconf 85' lang='lat' dir='ltr'><strong>lumino</strong></span> <span class='ocrx_word' id='word_1_10' title='bbox 1057 769 1205 836; x_wconf 79' lang='lat' dir='ltr'><strong>dammis.</strong></span> 
     </span>
    </p>

    <p class='ocr_par' dir='ltr' id='par_1_3' title="bbox 383 875 1223 971">
     <span class='ocr_line' id='line_1_3' title="bbox 383 875 1223 971; baseline -0.013 -17"><span class='ocrx_word' id='word_1_11' title='bbox 383 886 427 954; x_wconf 86' lang='lat' dir='ltr'><strong>Et</strong></span> <span class='ocrx_word' id='word_1_12' title='bbox 447 885 580 953; x_wconf 86' lang='lat' dir='ltr'><strong>Phoebo</strong></span> <span class='ocrx_word' id='word_1_13' title='bbox 603 909 696 953; x_wconf 86' lang='lat' dir='ltr'><strong>socer</strong></span> <span class='ocrx_word' id='word_1_14' title='bbox 718 883 811 967; x_wconf 80' lang='lat' dir='ltr'><strong>Ales3</strong></span> <span class='ocrx_word' id='word_1_15' title='bbox 835 892 869 950; x_wconf 92' lang='lat' dir='ltr'><strong>et</strong></span> <span class='ocrx_word' id='word_1_16' title='bbox 888 906 952 949; x_wconf 86' lang='lat' dir='ltr'><strong>una</strong></span> <span class='ocrx_word' id='word_1_17' title='bbox 975 889 1084 971; x_wconf 81' lang='lat' dir='ltr'><strong>gratus</strong></span> <span class='ocrx_word' id='word_1_18' title='bbox 1106 875 1223 945; x_wconf 77' lang='lat' dir='ltr'><strong>laccho</strong></span> 
     </span>
    </p>

    <p class='ocr_par' dir='ltr' id='par_1_4' title="bbox 383 988 1206 1086">
     <span class='ocr_line' id='line_1_4' title="bbox 383 988 1206 1086; baseline -0.013 -22"><span class='ocrx_word' id='word_1_19' title='bbox 383 999 514 1080; x_wconf 83' lang='lat' dir='ltr'><strong>Crater3</strong></span> <span class='ocrx_word' id='word_1_20' title='bbox 538 996 709 1086; x_wconf 84' lang='lat' dir='ltr'><strong>et-dupliei</strong></span> <span class='ocrx_word' id='word_1_21' title='bbox 732 994 912 1061; x_wconf 76' lang='lat' dir='ltr'>Centaurus</span> <span class='ocrx_word' id='word_1_22' title='bbox 937 994 1074 1081; x_wconf 80' lang='lat' dir='ltr'>imagine</span> <span class='ocrx_word' id='word_1_23' title='bbox 1097 988 1206 1078; x_wconf 83' lang='lat' dir='ltr'><strong>fuiget,</strong></span> 
     </span>
    </p>

    <p class='ocr_par' dir='ltr' id='par_1_5' title="bbox 335 1099 1331 1306">
     <span class='ocr_line' id='line_1_5' title="bbox 382 1099 1246 1194; baseline -0.013 -21"><span class='ocrx_word' id='word_1_24' title='bbox 382 1107 463 1173; x_wconf 84' lang='lat' dir='ltr'><strong>Pars</strong></span> <span class='ocrx_word' id='word_1_25' title='bbox 485 1106 632 1187; x_wconf 90' lang='lat' dir='ltr'><strong>hominis,</strong></span> <span class='ocrx_word' id='word_1_26' title='bbox 654 1115 746 1194; x_wconf 84' lang='lat' dir='ltr'><strong>tergo</strong></span> <span class='ocrx_word' id='word_1_27' title='bbox 769 1112 882 1192; x_wconf 87' lang='lat' dir='ltr'><strong>peetus</strong></span> <span class='ocrx_word' id='word_1_28' title='bbox 906 1102 1097 1171; x_wconf 86' lang='lat' dir='ltr'><strong>commissus</strong></span> <span class='ocrx_word' id='word_1_29' title='bbox 1121 1099 1246 1187; x_wconf 85' lang='lat' dir='ltr'><strong>equino.</strong></span> 
     </span>
     <span class='ocr_line' id='line_1_6' title="bbox 335 1205 1331 1306; baseline -0.01 -23"><span class='ocrx_word' id='word_1_30' title='bbox 335 1213 489 1306; x_wconf 67' lang='lat' dir='ltr'><strong>rolpsius</strong></span> <span class='ocrx_word' id='word_1_31' title='bbox 511 1215 585 1283; x_wconf 87' lang='lat' dir='ltr'><strong>bino</strong></span> <span class='ocrx_word' id='word_1_32' title='bbox 607 1216 727 1282; x_wconf 90' lang='lat' dir='ltr'><strong>mundo</strong></span> <span class='ocrx_word' id='word_1_33' title='bbox 752 1212 906 1303; x_wconf 85' lang='lat' dir='ltr'><strong>templum</strong></span> <span class='ocrx_word' id='word_1_34' title='bbox 929 1221 992 1293; x_wconf 89' lang='lat' dir='ltr'><strong>est,</strong></span> <span class='ocrx_word' id='word_1_35' title='bbox 1014 1209 1193 1297; x_wconf 81' lang='lat' dir='ltr'><strong>victrixque</strong></span> <span class='ocrx_word' id='word_1_36' title='bbox 1215 1205 1331 1273; x_wconf 82' lang='lat' dir='ltr'><strong>solutis</strong></span> 
     </span>
    </p>

    <p class='ocr_par' dir='ltr' id='par_1_6' title="bbox 385 1322 1186 1410">
     <span class='ocr_line' id='line_1_7' title="bbox 385 1322 1186 1410; baseline -0.011 -19"><span class='ocrx_word' id='word_1_37' title='bbox 385 1327 452 1392; x_wconf 84' lang='lat' dir='ltr'><strong>Ara</strong></span> <span class='ocrx_word' id='word_1_38' title='bbox 474 1327 554 1392; x_wconf 89' lang='lat' dir='ltr'><strong>nitet</strong></span> <span class='ocrx_word' id='word_1_39' title='bbox 575 1327 683 1408; x_wconf 83' lang='lat' dir='ltr'><strong>saeris,</strong></span> <span class='ocrx_word' id='word_1_40' title='bbox 705 1333 815 1390; x_wconf 82' lang='lat' dir='ltr'><strong>vastos</strong></span> <span class='ocrx_word' id='word_1_41' title='bbox 839 1343 913 1389; x_wconf 90' lang='lat' dir='ltr'><strong>cum</strong></span> <span class='ocrx_word' id='word_1_42' title='bbox 935 1330 1019 1387; x_wconf 81' lang='lat' dir='ltr'><strong>torre</strong></span> <span class='ocrx_word' id='word_1_43' title='bbox 1041 1322 1186 1410; x_wconf 81' lang='lat' dir='ltr'><strong>gigantes</strong></span> 
     </span>
    </p>

    <p class='ocr_par' dir='ltr' id='par_1_7' title="bbox 386 1430 1324 1519">
     <span class='ocr_line' id='line_1_8' title="bbox 386 1430 1324 1519; baseline -0.011 -20"><span class='ocrx_word' id='word_1_44' title='bbox 386 1432 421 1501; x_wconf 90' lang='lat' dir='ltr'><strong>ln</strong></span> <span class='ocrx_word' id='word_1_45' title='bbox 444 1434 570 1501; x_wconf 85' lang='lat' dir='ltr'><strong>caelum</strong></span> <span class='ocrx_word' id='word_1_46' title='bbox 592 1435 760 1501; x_wconf 85' lang='lat' dir='ltr'><strong>furibundo</strong></span> <span class='ocrx_word' id='word_1_47' title='bbox 783 1432 868 1515; x_wconf 81' lang='lat' dir='ltr'><strong>tulit3</strong></span> <span class='ocrx_word' id='word_1_48' title='bbox 892 1441 960 1497; x_wconf 91' lang='lat' dir='ltr'><strong>tum</strong></span> <span class='ocrx_word' id='word_1_49' title='bbox 982 1430 1013 1497; x_wconf 90' lang='lat' dir='ltr'><strong>di</strong></span> <span class='ocrx_word' id='word_1_50' title='bbox 1037 1450 1165 1519; x_wconf 87' lang='lat' dir='ltr'><strong>quoquo</strong></span> <span class='ocrx_word' id='word_1_51' title='bbox 1186 1446 1324 1513; x_wconf 79' lang='lat' dir='ltr'><strong>maguus</strong></span> 
     </span>
    </p>

    <p class='ocr_par' dir='ltr' id='par_1_8' title="bbox 388 1540 1143 1631">
     <span class='ocr_line' id='line_1_9' title="bbox 388 1540 1143 1631; baseline -0.012 -19"><span class='ocrx_word' id='word_1_52' title='bbox 388 1545 587 1630; x_wconf 82' lang='lat' dir='ltr'><strong>Quaesivere</strong></span> <span class='ocrx_word' id='word_1_53' title='bbox 610 1544 704 1625; x_wconf 88' lang='lat' dir='ltr'><strong>deos;</strong></span> <span class='ocrx_word' id='word_1_54' title='bbox 728 1543 883 1610; x_wconf 80' lang='lat' dir='ltr'><strong>dubitavit</strong></span> <span class='ocrx_word' id='word_1_55' title='bbox 903 1540 1045 1631; x_wconf 88' lang='lat' dir='ltr'><strong>Iuppiter</strong></span> <span class='ocrx_word' id='word_1_56' title='bbox 1064 1540 1143 1627; x_wconf 86' lang='lat' dir='ltr'><strong>ipse,</strong></span> 
     </span>
    </p>

    <p class='ocr_par' dir='ltr' id='par_1_9' title="bbox 337 1653 1380 1839">
     <span class='ocr_line' id='line_1_10' title="bbox 389 1653 1380 1743; baseline -0.008 -23"><span class='ocrx_word' id='word_1_57' title='bbox 389 1654 486 1739; x_wconf 85' lang='lat' dir='ltr'><strong>Quod</strong></span> <span class='ocrx_word' id='word_1_58' title='bbox 507 1663 635 1743; x_wconf 83' lang='lat' dir='ltr'><strong>poteret</strong></span> <span class='ocrx_word' id='word_1_59' title='bbox 656 1674 720 1719; x_wconf 93' lang='lat' dir='ltr'><strong>non</strong></span> <span class='ocrx_word' id='word_1_60' title='bbox 742 1675 839 1743; x_wconf 89' lang='lat' dir='ltr'><strong>posse</strong></span> <span class='ocrx_word' id='word_1_61' title='bbox 863 1653 986 1731; x_wconf 87' lang='lat' dir='ltr'><strong>timens,</strong></span> <span class='ocrx_word' id='word_1_62' title='bbox 1008 1672 1082 1717; x_wconf 84' lang='lat' dir='ltr'><strong>curn</strong></span> <span class='ocrx_word' id='word_1_63' title='bbox 1104 1668 1236 1735; x_wconf 81' lang='lat' dir='ltr'>surgere</span> <span class='ocrx_word' id='word_1_64' title='bbox 1258 1655 1380 1713; x_wconf 72' lang='lat' dir='ltr'><strong>terram</strong></span> 
     </span>
     <span class='ocr_line' id='line_1_11' title="bbox 337 1761 1202 1839; baseline -0.008 -10"><span class='ocrx_word' id='word_1_65' title='bbox 337 1778 375 1819; x_wconf 82' lang='lat'><strong>⁴²⁵</strong></span> <span class='ocrx_word' id='word_1_66' title='bbox 390 1762 547 1830; x_wconf 87' lang='lat' dir='ltr'><strong>Cerneret</strong></span> <span class='ocrx_word' id='word_1_67' title='bbox 569 1773 600 1831; x_wconf 87' lang='lat' dir='ltr'><strong>et</strong></span> <span class='ocrx_word' id='word_1_68' title='bbox 622 1766 703 1830; x_wconf 88' lang='lat' dir='ltr'><strong>verti</strong></span> <span class='ocrx_word' id='word_1_69' title='bbox 725 1772 872 1829; x_wconf 84' lang='lat' dir='ltr'><strong>naturam</strong></span> <span class='ocrx_word' id='word_1_70' title='bbox 896 1761 1042 1828; x_wconf 88' lang='lat' dir='ltr'><strong>crederet</strong></span> <span class='ocrx_word' id='word_1_71' title='bbox 1062 1779 1202 1839; x_wconf 89' lang='lat' dir='ltr'><strong>omnem,</strong></span> 
     </span>
    </p>

    <p class='ocr_par' dir='ltr' id='par_1_10' title="bbox 387 1872 1263 1963">
     <span class='ocr_line' id='line_1_12' title="bbox 387 1872 1263 1963; baseline -0.003 -25"><span class='ocrx_word' id='word_1_72' title='bbox 387 1872 549 1939; x_wconf 74' lang='lat' dir='ltr'><strong>Montibus</strong></span> <span class='ocrx_word' id='word_1_73' title='bbox 572 1882 668 1963; x_wconf 85' lang='lat' dir='ltr'><strong>atque</strong></span> <span class='ocrx_word' id='word_1_74' title='bbox 691 1872 759 1939; x_wconf 82' lang='lat' dir='ltr'><strong>nbis</strong></span> <span class='ocrx_word' id='word_1_75' title='bbox 781 1881 933 1962; x_wconf 83' lang='lat' dir='ltr'><strong>aggestos</strong></span> <span class='ocrx_word' id='word_1_76' title='bbox 956 1890 1104 1937; x_wconf 86' lang='lat' dir='ltr'><strong>crescere</strong></span> <span class='ocrx_word' id='word_1_77' title='bbox 1126 1876 1263 1949; x_wconf 82' lang='lat' dir='ltr'><strong>montes,</strong></span> 
     </span>
    </p>

    <p class='ocr_par' dir='ltr' id='par_1_11' title="bbox 387 1978 1115 2072">
     <span class='ocr_line' id='line_1_13' title="bbox 387 1978 1115 2072; baseline -0.004 -25"><span class='ocrx_word' id='word_1_78' title='bbox 387 1979 430 2047; x_wconf 78' lang='lat' dir='ltr'><strong>Et</strong></span> <span class='ocrx_word' id='word_1_79' title='bbox 448 1991 515 2047; x_wconf 85' lang='lat' dir='ltr'><strong>tam</strong></span> <span class='ocrx_word' id='word_1_80' title='bbox 538 1984 658 2049; x_wconf 85' lang='lat' dir='ltr'><strong>vicinos</strong></span> <span class='ocrx_word' id='word_1_81' title='bbox 681 1979 834 2072; x_wconf 83' lang='lat' dir='ltr'><strong>fugientio</strong></span> <span class='ocrx_word' id='word_1_82' title='bbox 854 1983 970 2063; x_wconf 85' lang='lat' dir='ltr'><strong>sideru,</strong></span> <span class='ocrx_word' id='word_1_83' title='bbox 993 1987 1025 2047; x_wconf 86' lang='lat' dir='ltr'><strong>at</strong></span> <span class='ocrx_word' id='word_1_84' title='bbox 1046 1978 1115 2045; x_wconf 86' lang='lat' dir='ltr'><strong>ollis</strong></span> 
     </span>
    </p>

    <p class='ocr_par' dir='ltr' id='par_1_12' title="bbox 390 2092 1161 2182">
     <span class='ocr_line' id='line_1_14' title="bbox 390 2092 1161 2182; baseline 0.001 -26"><span class='ocrx_word' id='word_1_85' title='bbox 390 2092 489 2156; x_wconf 89' lang='lat' dir='ltr'><strong>Arma</strong></span> <span class='ocrx_word' id='word_1_86' title='bbox 511 2092 721 2181; x_wconf 72' lang='lat' dir='ltr'><strong>imponantes</strong></span> <span class='ocrx_word' id='word_1_87' title='bbox 745 2115 763 2158; x_wconf 91' lang='lat' dir='ltr'><strong>e</strong></span> <span class='ocrx_word' id='word_1_88' title='bbox 785 2102 878 2182; x_wconf 86' lang='lat' dir='ltr'><strong>rupta</strong></span> <span class='ocrx_word' id='word_1_89' title='bbox 900 2100 1003 2157; x_wconf 82' lang='lat' dir='ltr'><strong>matre</strong></span> <span class='ocrx_word' id='word_1_90' title='bbox 1025 2101 1161 2172; x_wconf 84' lang='lat' dir='ltr'><strong>creatos,</strong></span> 
     </span>
    </p>

    <p class='ocr_par' dir='ltr' id='par_1_13' title="bbox 338 2198 1432 2401">
     <span class='ocr_line' id='line_1_15' title="bbox 385 2198 1255 2291; baseline -0.003 -26"><span class='ocrx_word' id='word_1_91' title='bbox 385 2198 562 2267; x_wconf 83' lang='lat' dir='ltr'><strong>Discordes</strong></span> <span class='ocrx_word' id='word_1_92' title='bbox 585 2200 709 2267; x_wconf 87' lang='lat' dir='ltr'><strong>vultum</strong></span> <span class='ocrx_word' id='word_1_93' title='bbox 731 2202 955 2291; x_wconf 82' lang='lat' dir='ltr'><strong>permixtoque</strong></span> <span class='ocrx_word' id='word_1_94' title='bbox 977 2222 1114 2290; x_wconf 86' lang='lat' dir='ltr'><strong>corpora</strong></span> <span class='ocrx_word' id='word_1_95' title='bbox 1135 2207 1255 2289; x_wconf 83' lang='lat' dir='ltr'><strong>portus.</strong></span> 
     </span>
     <span class='ocr_line' id='line_1_16' title="bbox 338 2305 1432 2401; baseline -0.005 -24"><span class='ocrx_word' id='word_1_96' title='bbox 338 2309 539 2377; x_wconf 74' lang='lat' dir='ltr'><strong>⁴³⁰Necdum</strong></span> <span class='ocrx_word' id='word_1_97' title='bbox 565 2314 752 2401; x_wconf 78' lang='lat' dir='ltr'><strong>pestiferum</strong></span> <span class='ocrx_word' id='word_1_98' title='bbox 779 2311 838 2376; x_wconf 92' lang='lat' dir='ltr'><strong>sibi</strong></span> <span class='ocrx_word' id='word_1_99' title='bbox 866 2331 1061 2401; x_wconf 82' lang='lat' dir='ltr'>quemquam</span> <span class='ocrx_word' id='word_1_100' title='bbox 1083 2319 1140 2375; x_wconf 85' lang='lat' dir='ltr'><strong>out</strong></span> <span class='ocrx_word' id='word_1_101' title='bbox 1159 2305 1293 2374; x_wconf 71' lang='lat' dir='ltr'><strong>nurnine</strong></span> <span class='ocrx_word' id='word_1_102' title='bbox 1311 2314 1432 2374; x_wconf 71' lang='lat' dir='ltr'><strong>norunt</strong></span> 
     </span>
    </p>

    <p class='ocr_par' dir='ltr' id='par_1_14' title="bbox 389 2417 1336 2509">
     <span class='ocr_line' id='line_1_17' title="bbox 389 2417 1336 2509; baseline -0.002 -25"><span class='ocrx_word' id='word_1_103' title='bbox 389 2419 425 2484; x_wconf 88' lang='lat' dir='ltr'><strong>Si</strong></span> <span class='ocrx_word' id='word_1_104' title='bbox 449 2438 516 2509; x_wconf 78' lang='lat' dir='ltr'><strong>qua·</strong></span> <span class='ocrx_word' id='word_1_105' title='bbox 533 2422 639 2487; x_wconf 82' lang='lat' dir='ltr'><strong>forent</strong></span> <span class='ocrx_word' id='word_1_106' title='bbox 659 2422 780 2487; x_wconf 81' lang='lat' dir='ltr'><strong>maiora</strong></span> <span class='ocrx_word' id='word_1_107' title='bbox 803 2422 879 2488; x_wconf 87' lang='lat' dir='ltr'><strong>suis.</strong></span> <span class='ocrx_word' id='word_1_108' title='bbox 923 2419 1018 2487; x_wconf 85' lang='lat' dir='ltr'><strong>Tune</strong></span> <span class='ocrx_word' id='word_1_109' title='bbox 1037 2417 1181 2509; x_wconf 86' lang='lat' dir='ltr'><strong>Iuppiter</strong></span> <span class='ocrx_word' id='word_1_110' title='bbox 1201 2417 1296 2484; x_wconf 77' lang='lat' dir='ltr'><strong>Arse·</strong></span> <span class='ocrx_word' id='word_1_111' title='bbox 1333 2491 1336 2496; x_wconf 66' lang='lat'><em>,</em></span> 
     </span>
    </p>

    <p class='ocr_par' dir='ltr' id='par_1_15' title="bbox 388 2526 1382 2621">
     <span class='ocr_line' id='line_1_18' title="bbox 388 2526 1382 2621; baseline 0 -29"><span class='ocrx_word' id='word_1_112' title='bbox 388 2526 501 2593; x_wconf 84' lang='lat' dir='ltr'><strong>Sidera</strong></span> <span class='ocrx_word' id='word_1_113' title='bbox 525 2532 697 2611; x_wconf 86' lang='lat' dir='ltr'><strong>constituit,</strong></span> <span class='ocrx_word' id='word_1_114' title='bbox 720 2553 802 2621; x_wconf 82' lang='lat' dir='ltr'><strong>quae</strong></span> <span class='ocrx_word' id='word_1_115' title='bbox 824 2553 910 2597; x_wconf 84' lang='lat' dir='ltr'><strong>nune</strong></span> <span class='ocrx_word' id='word_1_116' title='bbox 935 2553 1064 2621; x_wconf 89' lang='lat' dir='ltr'><strong>quoqne</strong></span> <span class='ocrx_word' id='word_1_117' title='bbox 1085 2529 1227 2595; x_wconf 82' lang='lat' dir='ltr'><strong>maximo</strong></span> <span class='ocrx_word' id='word_1_118' title='bbox 1248 2526 1382 2617; x_wconf 73' lang='lat' dir='ltr'><strong>fulgent.</strong></span> 
     </span>
    </p>

    <p class='ocr_par' dir='ltr' id='par_1_16' title="bbox 389 2637 1287 2728">
     <span class='ocr_line' id='line_1_19' title="bbox 389 2637 1287 2728; baseline 0.001 -26"><span class='ocrx_word' id='word_1_119' title='bbox 389 2637 497 2720; x_wconf 85' lang='lat' dir='ltr'><strong>Quam</strong></span> <span class='ocrx_word' id='word_1_120' title='bbox 519 2649 650 2728; x_wconf 87' lang='lat' dir='ltr'><strong>propter</strong></span> <span class='ocrx_word' id='word_1_121' title='bbox 672 2641 772 2707; x_wconf 85' lang='lat' dir='ltr'><strong>Cetus</strong></span> <span class='ocrx_word' id='word_1_122' title='bbox 795 2640 994 2707; x_wconf 85' lang='lat' dir='ltr'><strong>convolvens</strong></span> <span class='ocrx_word' id='word_1_123' title='bbox 1018 2659 1172 2728; x_wconf 83' lang='lat' dir='ltr'><strong>sqrromea</strong></span> <span class='ocrx_word' id='word_1_124' title='bbox 1193 2645 1287 2727; x_wconf 74' lang='lat' dir='ltr'><strong>terge·</strong></span> 
     </span>
    </p>

    <p class='ocr_par' dir='ltr' id='par_1_17' title="bbox 390 2745 1111 2839">
     <span class='ocr_line' id='line_1_20' title="bbox 390 2745 1111 2839; baseline 0.006 -28"><span class='ocrx_word' id='word_1_125' title='bbox 390 2745 527 2813; x_wconf 88' lang='lat' dir='ltr'><strong>Orbibus</strong></span> <span class='ocrx_word' id='word_1_126' title='bbox 549 2748 684 2839; x_wconf 82' lang='lat' dir='ltr'><strong>insurgit</strong></span> <span class='ocrx_word' id='word_1_127' title='bbox 705 2749 795 2814; x_wconf 88' lang='lat' dir='ltr'><strong>tortis</strong></span> <span class='ocrx_word' id='word_1_128' title='bbox 818 2759 851 2815; x_wconf 86' lang='lat' dir='ltr'><strong>et</strong></span> <span class='ocrx_word' id='word_1_129' title='bbox 871 2751 1005 2815; x_wconf 84' lang='lat' dir='ltr'><strong>fluctuat</strong></span> <span class='ocrx_word' id='word_1_130' title='bbox 1027 2749 1111 2831; x_wconf 82' lang='lat' dir='ltr'><strong>nivo,</strong></span> 
     </span>
    </p>
   </div>
   <div class='ocr_carea' id='block_1_3' title="bbox 338 2852 1247 2949">
    <p class='ocr_par' dir='ltr' id='par_1_18' title="bbox 338 2852 1247 2949">
     <span class='ocr_line' id='line_1_21' title="bbox 338 2852 1247 2949; baseline -0.002 -24"><span class='ocrx_word' id='word_1_131' title='bbox 338 2852 553 2925; x_wconf 80' lang='lat' dir='ltr'><strong>⁴³⁸1ntentnns</strong></span> <span class='ocrx_word' id='word_1_132' title='bbox 576 2880 730 2940; x_wconf 85' lang='lat' dir='ltr'><strong>morsum,</strong></span> <span class='ocrx_word' id='word_1_133' title='bbox 751 2858 860 2924; x_wconf 87' lang='lat' dir='ltr'><strong>similis</strong></span> <span class='ocrx_word' id='word_1_134' title='bbox 882 2862 946 2925; x_wconf 81' lang='lat' dir='ltr'><strong>iarn</strong></span> <span class='ocrx_word' id='word_1_135' title='bbox 967 2861 1095 2949; x_wconf 80' lang='lat' dir='ltr'><strong>iamque</strong></span> <span class='ocrx_word' id='word_1_136' title='bbox 1116 2859 1247 2939; x_wconf 87' lang='lat' dir='ltr'><strong>tenenti,</strong></span> 
     </span>
    </p>
   </div>
   <div class='ocr_carea' id='block_1_4' title="bbox 324 3045 1530 3279">
    <p class='ocr_par' dir='ltr' id='par_1_19' title="bbox 324 3045 1530 3279">
     <span class='ocr_line' id='line_1_22' title="bbox 324 3045 1530 3125; baseline -0.001 -24"><span class='ocrx_word' id='word_1_137' title='bbox 324 3045 359 3102; x_wconf 80' lang='lat' dir='ltr'><strong>A.</strong></span> <span class='ocrx_word' id='word_1_138' title='bbox 384 3065 411 3103; x_wconf 88' lang='lat' dir='ltr'><strong>v.</strong></span> <span class='ocrx_word' id='word_1_139' title='bbox 425 3047 483 3106; x_wconf 92' lang='grc'><strong>417</strong></span> <span class='ocrx_word' id='word_1_140' title='bbox 502 3058 532 3106; x_wconf 83' lang='lat' dir='ltr'><strong>et</strong></span> <span class='ocrx_word' id='word_1_141' title='bbox 549 3067 653 3125; x_wconf 81' lang='lat' dir='ltr'><strong>magno</strong></span> <span class='ocrx_word' id='word_1_142' title='bbox 732 3070 758 3106; x_wconf 83' lang='lat' dir='ltr'><strong>r.</strong></span> <span class='ocrx_word' id='word_1_143' title='bbox 772 3050 829 3107; x_wconf 92' lang='grc'><strong>422</strong></span> <span class='ocrx_word' id='word_1_144' title='bbox 850 3050 951 3107; x_wconf 88' lang='lat' dir='ltr'><strong>tumidi</strong></span> <span class='ocrx_word' id='word_1_145' title='bbox 1033 3068 1060 3105; x_wconf 84' lang='lat' dir='ltr'><strong>v.</strong></span> <span class='ocrx_word' id='word_1_146' title='bbox 1074 3048 1132 3107; x_wconf 91' lang='grc'><strong>427</strong></span> <span class='ocrx_word' id='word_1_147' title='bbox 1151 3045 1205 3106; x_wconf 85' lang='lat' dir='ltr'><strong>sid.</strong></span> <span class='ocrx_word' id='word_1_148' title='bbox 1227 3046 1309 3104; x_wconf 88' lang='lat' dir='ltr'><strong>collis</strong></span> <span class='ocrx_word' id='word_1_149' title='bbox 1389 3065 1415 3105; x_wconf 82' lang='lat' dir='ltr'><strong>r.</strong></span> <span class='ocrx_word' id='word_1_150' title='bbox 1429 3047 1485 3105; x_wconf 84' lang='grc'><strong>428</strong></span> <span class='ocrx_word' id='word_1_151' title='bbox 1503 3053 1530 3103; x_wconf 86' lang='lat' dir='ltr'><strong>et</strong></span> 
     </span>
     <span class='ocr_line' id='line_1_23' title="bbox 383 3121 1457 3200; baseline 0 -21"><span class='ocrx_word' id='word_1_152' title='bbox 383 3132 469 3200; x_wconf 83' lang='lat' dir='ltr'><strong>rupta</strong></span> <span class='ocrx_word' id='word_1_153' title='bbox 567 3131 593 3181; x_wconf 76' lang='lat' dir='ltr'><strong>t.</strong></span> <span class='ocrx_word' id='word_1_154' title='bbox 608 3126 665 3185; x_wconf 91' lang='grc'><strong>429</strong></span> <span class='ocrx_word' id='word_1_155' title='bbox 687 3127 763 3182; x_wconf 82' lang='lat' dir='ltr'><strong>vultu</strong></span> <span class='ocrx_word' id='word_1_156' title='bbox 861 3147 887 3183; x_wconf 86' lang='lat' dir='ltr'><strong>v.</strong></span> <span class='ocrx_word' id='word_1_157' title='bbox 902 3127 960 3184; x_wconf 89' lang='grc'><strong>430</strong></span> <span class='ocrx_word' id='word_1_158' title='bbox 979 3125 1154 3183; x_wconf 88' lang='lat' dir='ltr'><strong>Hostiserum</strong></span> <span class='ocrx_word' id='word_1_159' title='bbox 1178 3121 1309 3191; x_wconf 82' lang='lat' dir='ltr'><strong>necdum,</strong></span> <span class='ocrx_word' id='word_1_160' title='bbox 1328 3133 1385 3181; x_wconf 83' lang='lat' dir='ltr'><strong>dr&#39;n.</strong></span> <span class='ocrx_word' id='word_1_161' title='bbox 1406 3133 1457 3181; x_wconf 76' lang='lat' dir='ltr'><strong>out</strong></span> 
     </span>
     <span class='ocr_line' id='line_1_24' title="bbox 382 3201 978 3279; baseline 0.005 -25"><span class='ocrx_word' id='word_1_162' title='bbox 382 3218 409 3255; x_wconf 82' lang='lat' dir='ltr'><strong>r.</strong></span> <span class='ocrx_word' id='word_1_163' title='bbox 424 3201 481 3257; x_wconf 85' lang='grc'><strong>433</strong></span> <span class='ocrx_word' id='word_1_164' title='bbox 502 3201 689 3279; x_wconf 78' lang='lat' dir='ltr'><strong>Quapropter</strong></span> <span class='ocrx_word' id='word_1_165' title='bbox 766 3221 791 3259; x_wconf 77' lang='lat' dir='ltr'><strong>r.</strong></span> <span class='ocrx_word' id='word_1_166' title='bbox 806 3204 863 3262; x_wconf 89' lang='grc'><strong>435</strong></span> <span class='ocrx_word' id='word_1_167' title='bbox 883 3221 978 3259; x_wconf 91' lang='lat' dir='ltr'><strong>morsu</strong></span> 
     </span>
    </p>
   </div>
   <div class='ocr_carea' id='block_1_5' title="bbox 326 3308 1513 3470">
    <p class='ocr_par' dir='ltr' id='par_1_20' title="bbox 326 3308 1513 3470">
     <span class='ocr_line' id='line_1_25' title="bbox 326 3308 1513 3369; baseline -0.001 -4"><span class='ocrx_word' id='word_1_168' title='bbox 326 3308 358 3365; x_wconf 91' lang='lat' dir='ltr'><strong>S.</strong></span> <span class='ocrx_word' id='word_1_169' title='bbox 385 3326 410 3364; x_wconf 82' lang='lat' dir='ltr'><strong>r.</strong></span> <span class='ocrx_word' id='word_1_170' title='bbox 425 3309 482 3366; x_wconf 86' lang='grc'><strong>420</strong></span> <span class='ocrx_word' id='word_1_171' title='bbox 501 3312 600 3368; x_wconf 92' lang='lat' dir='ltr'><strong>mundi</strong></span> <span class='ocrx_word' id='word_1_172' title='bbox 679 3311 774 3368; x_wconf 81' lang='grc' dir='ltr'><strong>ν.427</strong></span> <span class='ocrx_word' id='word_1_173' title='bbox 795 3313 848 3369; x_wconf 89' lang='lat' dir='ltr'><strong>sid.</strong></span> <span class='ocrx_word' id='word_1_174' title='bbox 870 3310 958 3368; x_wconf 86' lang='lat' dir='ltr'><strong>eolles</strong></span> <span class='ocrx_word' id='word_1_175' title='bbox 1043 3330 1068 3369; x_wconf 85' lang='lat' dir='ltr'><strong>r.</strong></span> <span class='ocrx_word' id='word_1_176' title='bbox 1084 3310 1141 3368; x_wconf 89' lang='grc'><strong>428</strong></span> <span class='ocrx_word' id='word_1_177' title='bbox 1161 3320 1190 3366; x_wconf 90' lang='lat' dir='ltr'><strong>et</strong></span> <span class='ocrx_word' id='word_1_178' title='bbox 1209 3330 1233 3367; x_wconf 88' lang='lat' dir='ltr'><strong>r.</strong></span> <span class='ocrx_word' id='word_1_179' title='bbox 1316 3327 1342 3365; x_wconf 85' lang='lat' dir='ltr'><strong>v.</strong></span> <span class='ocrx_word' id='word_1_180' title='bbox 1360 3309 1417 3369; x_wconf 85' lang='grc'><strong>429</strong></span> <span class='ocrx_word' id='word_1_181' title='bbox 1437 3308 1513 3365; x_wconf 83' lang='lat' dir='ltr'><strong>vultu</strong></span> 
     </span>
     <span class='ocr_line' id='line_1_26' title="bbox 335 3386 865 3470; baseline 0.006 -29"><span class='ocrx_word' id='word_1_182' title='bbox 335 3463 346 3470; x_wconf 90' lang='lat'><strong>..</strong></span> <span class='ocrx_word' id='word_1_183' title='bbox 383 3403 410 3441; x_wconf 88' lang='lat' dir='ltr'><strong>v.</strong></span> <span class='ocrx_word' id='word_1_184' title='bbox 424 3386 482 3443; x_wconf 87' lang='grc'><strong>430</strong></span> <span class='ocrx_word' id='word_1_185' title='bbox 501 3388 605 3444; x_wconf 83' lang='lat' dir='ltr'><strong>Hostis.</strong></span> <span class='ocrx_word' id='word_1_186' title='bbox 627 3387 710 3444; x_wconf 83' lang='lat' dir='ltr'><strong>need.</strong></span> <span class='ocrx_word' id='word_1_187' title='bbox 733 3407 786 3446; x_wconf 86' lang='lat' dir='ltr'><strong>om.</strong></span> <span class='ocrx_word' id='word_1_188' title='bbox 808 3398 865 3444; x_wconf 84' lang='lat' dir='ltr'><strong>out.</strong></span> 
     </span>
    </p>
   </div>
   <div class='ocr_carea' id='block_1_6' title="bbox 325 3489 1531 3806">
    <p class='ocr_par' dir='ltr' id='par_1_21' title="bbox 325 3489 1531 3728">
     <span class='ocr_line' id='line_1_27' title="bbox 325 3489 1529 3572; baseline 0.003 -21"><span class='ocrx_word' id='word_1_189' title='bbox 325 3491 362 3552; x_wconf 88' lang='lat' dir='ltr'><strong>B.</strong></span> <span class='ocrx_word' id='word_1_190' title='bbox 384 3489 616 3571; x_wconf 62' lang='lat' dir='ltr'><strong>udtti&#39;tergora</strong></span> <span class='ocrx_word' id='word_1_191' title='bbox 636 3497 664 3553; x_wconf 87' lang='lat' dir='ltr'><strong>fl.</strong></span> <span class='ocrx_word' id='word_1_192' title='bbox 744 3518 769 3554; x_wconf 83' lang='lat' dir='ltr'><strong>r.</strong></span> <span class='ocrx_word' id='word_1_193' title='bbox 785 3498 842 3557; x_wconf 87' lang='grc'><strong>419</strong></span> <span class='ocrx_word' id='word_1_194' title='bbox 861 3498 895 3555; x_wconf 88' lang='lat' dir='ltr'><strong>P.</strong></span> <span class='ocrx_word' id='word_1_195' title='bbox 916 3499 1024 3555; x_wconf 82' lang='lat' dir='ltr'><strong>iuvenis</strong></span> <span class='ocrx_word' id='word_1_196' title='bbox 1094 3517 1118 3554; x_wconf 92' lang='lat' dir='ltr'><strong>v.</strong></span> <span class='ocrx_word' id='word_1_197' title='bbox 1132 3496 1189 3554; x_wconf 75' lang='lat'><strong>420</strong></span> <span class='ocrx_word' id='word_1_198' title='bbox 1208 3493 1308 3552; x_wconf 87' lang='lat' dir='ltr'><strong>mundi</strong></span> <span class='ocrx_word' id='word_1_199' title='bbox 1372 3514 1399 3556; x_wconf 87' lang='lat' dir='ltr'><strong>v.</strong></span> <span class='ocrx_word' id='word_1_200' title='bbox 1412 3496 1468 3555; x_wconf 84' lang='grc'><strong>421</strong></span> <span class='ocrx_word' id='word_1_201' title='bbox 1489 3514 1529 3572; x_wconf 80' lang='lat' dir='ltr'><strong>gr·</strong></span> 
     </span>
     <span class='ocr_line' id='line_1_28' title="bbox 385 3574 1484 3647; baseline 0.002 -19"><span class='ocrx_word' id='word_1_202' title='bbox 385 3581 487 3647; x_wconf 84' lang='lat' dir='ltr'><strong>gantas</strong></span> <span class='ocrx_word' id='word_1_203' title='bbox 605 3593 629 3629; x_wconf 88' lang='lat' dir='ltr'><strong>r.</strong></span> <span class='ocrx_word' id='word_1_204' title='bbox 644 3575 700 3631; x_wconf 88' lang='grc'><strong>422</strong></span> <span class='ocrx_word' id='word_1_205' title='bbox 722 3594 785 3630; x_wconf 87' lang='lat' dir='ltr'><strong>cum</strong></span> <span class='ocrx_word' id='word_1_206' title='bbox 806 3576 836 3629; x_wconf 90' lang='lat' dir='ltr'><strong>di</strong></span> <span class='ocrx_word' id='word_1_207' title='bbox 952 3574 1046 3632; x_wconf 79' lang='grc' dir='ltr'><strong>ν.427</strong></span> <span class='ocrx_word' id='word_1_208' title='bbox 1067 3575 1177 3631; x_wconf 82' lang='lat' dir='ltr'><strong>Etiam</strong></span> <span class='ocrx_word' id='word_1_209' title='bbox 1198 3574 1362 3629; x_wconf 81' lang='lat' dir='ltr'><strong>vicinas-</strong></span> <span class='ocrx_word' id='word_1_210' title='bbox 1381 3574 1484 3630; x_wconf 81' lang='lat' dir='ltr'><strong>moles.</strong></span> 
     </span>
     <span class='ocr_line' id='line_1_29' title="bbox 330 3649 1531 3728; baseline 0.004 -26"><span class='ocrx_word' id='word_1_211' title='bbox 330 3654 334 3663; x_wconf 90' lang='grc'><strong>’</strong></span> <span class='ocrx_word' id='word_1_212' title='bbox 384 3667 410 3703; x_wconf 85' lang='lat' dir='ltr'><strong>v.</strong></span> <span class='ocrx_word' id='word_1_213' title='bbox 424 3649 491 3716; x_wconf 89' lang='grc'><strong>428,</strong></span> <span class='ocrx_word' id='word_1_214' title='bbox 502 3652 540 3708; x_wconf 88' lang='grc'><strong>29</strong></span> <span class='ocrx_word' id='word_1_215' title='bbox 554 3653 714 3728; x_wconf 76' lang='lat' dir='ltr'><strong>proscribit.</strong></span> <span class='ocrx_word' id='word_1_216' title='bbox 794 3669 818 3707; x_wconf 88' lang='lat' dir='ltr'><strong>r.</strong></span> <span class='ocrx_word' id='word_1_217' title='bbox 833 3652 891 3709; x_wconf 88' lang='grc'><strong>430</strong></span> <span class='ocrx_word' id='word_1_218' title='bbox 910 3651 1041 3709; x_wconf 86' lang='lat' dir='ltr'><strong>Necdum</strong></span> <span class='ocrx_word' id='word_1_219' title='bbox 1055 3650 1159 3706; x_wconf 84' lang='lat' dir='ltr'><strong>hostile</strong></span> <span class='ocrx_word' id='word_1_220' title='bbox 1173 3650 1227 3706; x_wconf 86' lang='lat' dir='ltr'><strong>sibi</strong></span> <span class='ocrx_word' id='word_1_221' title='bbox 1247 3653 1412 3727; x_wconf 80' lang='lat' dir='ltr'><strong>quicquam,</strong></span> <span class='ocrx_word' id='word_1_222' title='bbox 1433 3668 1486 3707; x_wconf 84' lang='lat' dir='ltr'><strong>nec</strong></span> <span class='ocrx_word' id='word_1_223' title='bbox 1496 3675 1531 3690; x_wconf 75' lang='lat'>-</span> 
     </span>
    </p>

    <p class='ocr_par' dir='ltr' id='par_1_22' title="bbox 383 3726 1106 3806">
     <span class='ocr_line' id='line_1_30' title="bbox 383 3726 1106 3806; baseline 0.004 -25"><span class='ocrx_word' id='word_1_224' title='bbox 383 3735 467 3781; x_wconf 85' lang='lat' dir='ltr'><strong>norat</strong></span> <span class='ocrx_word' id='word_1_225' title='bbox 545 3746 570 3783; x_wconf 83' lang='lat' dir='ltr'><strong>r.</strong></span> <span class='ocrx_word' id='word_1_226' title='bbox 584 3728 641 3785; x_wconf 87' lang='grc'><strong>432</strong></span> <span class='ocrx_word' id='word_1_227' title='bbox 660 3726 751 3802; x_wconf 78' lang='lat' dir='ltr'><strong>fulget</strong></span> <span class='ocrx_word' id='word_1_228' title='bbox 830 3747 854 3784; x_wconf 85' lang='lat' dir='ltr'><strong>v.</strong></span> <span class='ocrx_word' id='word_1_229' title='bbox 868 3730 923 3786; x_wconf 80' lang='grc'><strong>435</strong></span> <span class='ocrx_word' id='word_1_230' title='bbox 945 3728 1106 3806; x_wconf 76' lang='lat' dir='ltr'><strong>proscribit.</strong></span> 
     </span>
    </p>
   </div>
   <div class='ocr_carea' id='block_1_7' title="bbox 326 3834 1533 4828">
    <p class='ocr_par' dir='ltr' id='par_1_23' title="bbox 326 3834 1533 4675">
     <span class='ocr_line' id='line_1_31' title="bbox 326 3834 1531 3914; baseline 0.005 -23"><span class='ocrx_word' id='word_1_231' title='bbox 326 3834 363 3891; x_wconf 89' lang='lat' dir='ltr'><strong>V.</strong></span> <span class='ocrx_word' id='word_1_232' title='bbox 385 3855 410 3893; x_wconf 86' lang='lat' dir='ltr'><strong>v.</strong></span> <span class='ocrx_word' id='word_1_233' title='bbox 424 3836 483 3894; x_wconf 88' lang='grc'><strong>420</strong></span> <span class='ocrx_word' id='word_1_234' title='bbox 501 3837 606 3895; x_wconf 71' lang='lat' dir='ltr'><strong>mondo</strong></span> <span class='ocrx_word' id='word_1_235' title='bbox 627 3855 736 3893; x_wconf 87' lang='lat' dir='ltr'><strong>omnes.</strong></span> <span class='ocrx_word' id='word_1_236' title='bbox 776 3837 886 3893; x_wconf 86' lang='lat' dir='ltr'><strong>Mundo</strong></span> <span class='ocrx_word' id='word_1_237' title='bbox 907 3848 951 3894; x_wconf 88' lang='lat' dir='ltr'><strong>est</strong></span> <span class='ocrx_word' id='word_1_238' title='bbox 970 3836 1105 3914; x_wconf 86' lang='lat' dir='ltr'><strong>ternplum</strong></span> <span class='ocrx_word' id='word_1_239' title='bbox 1127 3837 1227 3914; x_wconf 89' lang='lat' dir='ltr'><strong>ipsius,</strong></span> <span class='ocrx_word' id='word_1_240' title='bbox 1248 3837 1418 3896; x_wconf 72' lang='lat' dir='ltr'><strong>sumundi.</strong></span> <span class='ocrx_word' id='word_1_241' title='bbox 1445 3839 1531 3897; x_wconf 73' lang='lat' dir='ltr'><strong>Plane</strong></span> 
     </span>
     <span class='ocr_line' id='line_1_32' title="bbox 382 3912 1532 3973; baseline 0.003 -3"><span class='ocrx_word' id='word_1_242' title='bbox 382 3912 540 3970; x_wconf 83' lang='lat' dir='ltr'><strong>Maniliana</strong></span> <span class='ocrx_word' id='word_1_243' title='bbox 562 3915 663 3970; x_wconf 79' lang='lat' dir='ltr'><strong>oratio.</strong></span> <span class='ocrx_word' id='word_1_244' title='bbox 744 3933 767 3969; x_wconf 87' lang='lat' dir='ltr'><strong>v.</strong></span> <span class='ocrx_word' id='word_1_245' title='bbox 781 3917 838 3971; x_wconf 93' lang='grc'><strong>422</strong></span> <span class='ocrx_word' id='word_1_246' title='bbox 859 3913 962 3970; x_wconf 82' lang='lat' dir='ltr'><strong>tumidi</strong></span> <span class='ocrx_word' id='word_1_247' title='bbox 974 3932 1081 3970; x_wconf 84' lang='lat' dir='ltr'><strong>ornnes.</strong></span> <span class='ocrx_word' id='word_1_248' title='bbox 1103 3932 1176 3969; x_wconf 87' lang='lat' dir='ltr'><strong>corr.</strong></span> <span class='ocrx_word' id='word_1_249' title='bbox 1190 3912 1269 3970; x_wconf 83' lang='lat' dir='ltr'><strong>Sonl.</strong></span> <span class='ocrx_word' id='word_1_250' title='bbox 1329 3915 1420 3973; x_wconf 79' lang='lat' dir='ltr'><strong>v.427</strong></span> <span class='ocrx_word' id='word_1_251' title='bbox 1441 3915 1532 3973; x_wconf 70' lang='lat' dir='ltr'><strong>sidero</strong></span> 
     </span>
     <span class='ocr_line' id='line_1_33' title="bbox 385 3988 1532 4064; baseline 0.001 -19"><span class='ocrx_word' id='word_1_252' title='bbox 385 3988 472 4046; x_wconf 79' lang='lat' dir='ltr'><strong>eolles</strong></span> <span class='ocrx_word' id='word_1_253' title='bbox 492 4009 601 4047; x_wconf 91' lang='lat' dir='ltr'><strong>omnes.</strong></span> <span class='ocrx_word' id='word_1_254' title='bbox 641 3990 704 4064; x_wconf 83' lang='lat' dir='ltr'><strong>Ego</strong></span> <span class='ocrx_word' id='word_1_255' title='bbox 726 3991 845 4055; x_wconf 77' lang='lat' dir='ltr'><strong>correxi,</strong></span> <span class='ocrx_word' id='word_1_256' title='bbox 866 3998 897 4045; x_wconf 83' lang='lat' dir='ltr'><strong>ot</strong></span> <span class='ocrx_word' id='word_1_257' title='bbox 918 3990 986 4047; x_wconf 72' lang='lat' dir='ltr'><strong>otiis</strong></span> <span class='ocrx_word' id='word_1_258' title='bbox 1007 3990 1068 4046; x_wconf 87' lang='lat' dir='ltr'><strong>scii.</strong></span> <span class='ocrx_word' id='word_1_259' title='bbox 1091 3989 1245 4054; x_wconf 82' lang='lat' dir='ltr'><strong>sideribus,</strong></span> <span class='ocrx_word' id='word_1_260' title='bbox 1266 3990 1284 4045; x_wconf 90' lang='lat' dir='ltr'><strong>i.</strong></span> <span class='ocrx_word' id='word_1_261' title='bbox 1306 4008 1332 4047; x_wconf 91' lang='lat' dir='ltr'><strong>e.</strong></span> <span class='ocrx_word' id='word_1_262' title='bbox 1354 3990 1429 4049; x_wconf 88' lang='lat' dir='ltr'><strong>deis.</strong></span> <span class='ocrx_word' id='word_1_263' title='bbox 1470 3992 1532 4049; x_wconf 90' lang='lat' dir='ltr'><strong>Non</strong></span> 
     </span>
     <span class='ocr_line' id='line_1_34' title="bbox 385 4064 1531 4143; baseline 0.003 -24"><span class='ocrx_word' id='word_1_264' title='bbox 385 4065 501 4140; x_wconf 88' lang='lat' dir='ltr'><strong>quidem</strong></span> <span class='ocrx_word' id='word_1_265' title='bbox 522 4083 558 4122; x_wconf 81' lang='lat' dir='ltr'><strong>ee</strong></span> <span class='ocrx_word' id='word_1_266' title='bbox 577 4066 679 4132; x_wconf 80' lang='lat' dir='ltr'><strong>sonna,</strong></span> <span class='ocrx_word' id='word_1_267' title='bbox 700 4064 770 4122; x_wconf 77' lang='lat' dir='ltr'><strong>oilie</strong></span> <span class='ocrx_word' id='word_1_268' title='bbox 790 4085 837 4143; x_wconf 84' lang='lat' dir='ltr'><strong>ap.</strong></span> <span class='ocrx_word' id='word_1_269' title='bbox 855 4065 933 4122; x_wconf 84' lang='lat' dir='ltr'><strong>Mon.</strong></span> <span class='ocrx_word' id='word_1_270' title='bbox 955 4066 1066 4141; x_wconf 81' lang='lat' dir='ltr'><strong>legitur,</strong></span> <span class='ocrx_word' id='word_1_271' title='bbox 1087 4065 1140 4121; x_wconf 90' lang='lat' dir='ltr'><strong>sed</strong></span> <span class='ocrx_word' id='word_1_272' title='bbox 1158 4064 1237 4121; x_wconf 84' lang='lat' dir='ltr'><strong>lmud</strong></span> <span class='ocrx_word' id='word_1_273' title='bbox 1257 4064 1345 4123; x_wconf 83' lang='lat' dir='ltr'><strong>dubie</strong></span> <span class='ocrx_word' id='word_1_274' title='bbox 1365 4067 1531 4134; x_wconf 68' lang='lat' dir='ltr'><strong>alibrando,</strong></span> 
     </span>
     <span class='ocr_line' id='line_1_35' title="bbox 384 4141 1530 4219; baseline 0.003 -22"><span class='ocrx_word' id='word_1_275' title='bbox 384 4149 415 4197; x_wconf 91' lang='lat' dir='ltr'><strong>ut</strong></span> <span class='ocrx_word' id='word_1_276' title='bbox 439 4142 529 4199; x_wconf 85' lang='lat' dir='ltr'><strong>multa</strong></span> <span class='ocrx_word' id='word_1_277' title='bbox 556 4144 622 4199; x_wconf 83' lang='lat' dir='ltr'><strong>vitia</strong></span> <span class='ocrx_word' id='word_1_278' title='bbox 648 4141 783 4199; x_wconf 81' lang='lat' dir='ltr'><strong>Vossinni</strong></span> <span class='ocrx_word' id='word_1_279' title='bbox 810 4144 954 4219; x_wconf 82' lang='lat' dir='ltr'><strong>operiunt,</strong></span> <span class='ocrx_word' id='word_1_280' title='bbox 984 4144 1065 4198; x_wconf 87' lang='lat' dir='ltr'><strong>nobis</strong></span> <span class='ocrx_word' id='word_1_281' title='bbox 1092 4152 1192 4219; x_wconf 80' lang='lat' dir='ltr'><strong>erepta</strong></span> <span class='ocrx_word' id='word_1_282' title='bbox 1218 4151 1270 4198; x_wconf 87' lang='lat' dir='ltr'><strong>est.</strong></span> <span class='ocrx_word' id='word_1_283' title='bbox 1315 4144 1408 4201; x_wconf 81' lang='lat' dir='ltr'><strong>Recto</strong></span> <span class='ocrx_word' id='word_1_284' title='bbox 1436 4145 1530 4202; x_wconf 83' lang='lat' dir='ltr'><strong>Gloss.</strong></span> 
     </span>
     <span class='ocr_line' id='line_1_36' title="bbox 384 4219 1531 4298; baseline 0.002 -25"><span class='ocrx_word' id='word_1_285' title='bbox 384 4219 465 4295; x_wconf 86' lang='lat' dir='ltr'><strong>Lips.</strong></span> <span class='ocrx_word' id='word_1_286' title='bbox 487 4238 504 4276; x_wconf 92' lang='lat' dir='ltr'><strong>e</strong></span> <span class='ocrx_word' id='word_1_287' title='bbox 525 4221 720 4298; x_wconf 87' lang='lat' dir='ltr'><strong>superioribus</strong></span> <span class='ocrx_word' id='word_1_288' title='bbox 741 4220 865 4297; x_wconf 80' lang='lat' dir='ltr'><strong>supplet,</strong></span> <span class='ocrx_word' id='word_1_289' title='bbox 885 4237 945 4275; x_wconf 84' lang='lat' dir='ltr'><strong>enm</strong></span> <span class='ocrx_word' id='word_1_290' title='bbox 966 4226 1097 4275; x_wconf 81' lang='lat' dir='ltr'><strong>cerneret.</strong></span> <span class='ocrx_word' id='word_1_291' title='bbox 1119 4243 1121 4247; x_wconf 33' lang='lat'>⁸</span> <span class='ocrx_word' id='word_1_292' title='bbox 1181 4235 1207 4274; x_wconf 89' lang='lat' dir='ltr'><strong>v.</strong></span> <span class='ocrx_word' id='word_1_293' title='bbox 1222 4219 1279 4277; x_wconf 90' lang='grc'><strong>428</strong></span> <span class='ocrx_word' id='word_1_294' title='bbox 1298 4226 1326 4275; x_wconf 80' lang='lat' dir='ltr'><strong>et</strong></span> <span class='ocrx_word' id='word_1_295' title='bbox 1343 4237 1462 4293; x_wconf 60' lang='lat' dir='ltr'><strong>omnem</strong></span> <span class='ocrx_word' id='word_1_296' title='bbox 1481 4238 1531 4297; x_wconf 83' lang='lat' dir='ltr'><strong>ego</strong></span> 
     </span>
     <span class='ocr_line' id='line_1_37' title="bbox 385 4294 1533 4371; baseline 0.002 -23"><span class='ocrx_word' id='word_1_297' title='bbox 385 4296 504 4351; x_wconf 82' lang='lat' dir='ltr'><strong>correxi.</strong></span> <span class='ocrx_word' id='word_1_298' title='bbox 593 4316 618 4353; x_wconf 87' lang='lat' dir='ltr'><strong>v.</strong></span> <span class='ocrx_word' id='word_1_299' title='bbox 633 4296 690 4354; x_wconf 88' lang='grc'><strong>429</strong></span> <span class='ocrx_word' id='word_1_300' title='bbox 710 4294 791 4352; x_wconf 77' lang='lat' dir='ltr'><strong>culto</strong></span> <span class='ocrx_word' id='word_1_301' title='bbox 812 4314 924 4365; x_wconf 87' lang='lat' dir='ltr'><strong>ornnes;</strong></span> <span class='ocrx_word' id='word_1_302' title='bbox 946 4315 999 4370; x_wconf 83' lang='lat' dir='ltr'><strong>ego</strong></span> <span class='ocrx_word' id='word_1_303' title='bbox 1021 4295 1145 4365; x_wconf 85' lang='lat' dir='ltr'><strong>con·exi;</strong></span> <span class='ocrx_word' id='word_1_304' title='bbox 1168 4304 1268 4371; x_wconf 78' lang='lat' dir='ltr'><strong>portus</strong></span> <span class='ocrx_word' id='word_1_305' title='bbox 1290 4295 1359 4351; x_wconf 84' lang='lat' dir='ltr'><strong>dicit</strong></span> <span class='ocrx_word' id='word_1_306' title='bbox 1380 4297 1488 4355; x_wconf 77' lang='lat' dir='ltr'><strong>vultum</strong></span> <span class='ocrx_word' id='word_1_307' title='bbox 1506 4303 1533 4353; x_wconf 86' lang='lat' dir='ltr'><strong>et</strong></span> 
     </span>
     <span class='ocr_line' id='line_1_38' title="bbox 386 4370 1530 4449; baseline 0.003 -25"><span class='ocrx_word' id='word_1_308' title='bbox 386 4388 509 4447; x_wconf 86' lang='lat' dir='ltr'><strong>corpora</strong></span> <span class='ocrx_word' id='word_1_309' title='bbox 528 4374 669 4449; x_wconf 86' lang='lat' dir='ltr'><strong>permixta</strong></span> <span class='ocrx_word' id='word_1_310' title='bbox 689 4371 847 4427; x_wconf 83' lang='lat' dir='ltr'><strong>discordes.</strong></span> <span class='ocrx_word' id='word_1_311' title='bbox 967 4390 990 4426; x_wconf 88' lang='lat' dir='ltr'><strong>v.</strong></span> <span class='ocrx_word' id='word_1_312' title='bbox 1008 4374 1064 4429; x_wconf 86' lang='grc'><strong>430</strong></span> <span class='ocrx_word' id='word_1_313' title='bbox 1084 4370 1214 4427; x_wconf 84' lang='lat' dir='ltr'><strong>Necdum</strong></span> <span class='ocrx_word' id='word_1_314' title='bbox 1232 4370 1405 4443; x_wconf 73' lang='lat' dir='ltr'><strong>bosttfertrm</strong></span> <span class='ocrx_word' id='word_1_315' title='bbox 1425 4391 1530 4431; x_wconf 81' lang='lat' dir='ltr'><strong>ornnes.</strong></span> 
     </span>
     <span class='ocr_line' id='line_1_39' title="bbox 384 4446 1531 4526; baseline 0.004 -23"><span class='ocrx_word' id='word_1_316' title='bbox 384 4446 466 4524; x_wconf 85' lang='lat' dir='ltr'><strong>Lips.</strong></span> <span class='ocrx_word' id='word_1_317' title='bbox 488 4465 560 4503; x_wconf 88' lang='lat' dir='ltr'><strong>corr.</strong></span> <span class='ocrx_word' id='word_1_318' title='bbox 581 4468 724 4526; x_wconf 85' lang='lat' dir='ltr'><strong>superser.</strong></span> <span class='ocrx_word' id='word_1_319' title='bbox 755 4450 864 4503; x_wconf 79' lang='lat' dir='ltr'><strong>etenim.</strong></span> <span class='ocrx_word' id='word_1_320' title='bbox 887 4448 1013 4504; x_wconf 84' lang='lat' dir='ltr'><strong>volebat:</strong></span> <span class='ocrx_word' id='word_1_321' title='bbox 1034 4447 1161 4505; x_wconf 76' lang='lat' dir='ltr'><strong>Nondum</strong></span> <span class='ocrx_word' id='word_1_322' title='bbox 1181 4446 1287 4505; x_wconf 75' lang='lat' dir='ltr'><strong>bootem</strong></span> <span class='ocrx_word' id='word_1_323' title='bbox 1307 4451 1419 4507; x_wconf 75' lang='lat' dir='ltr'><strong>etenim.</strong></span> <span class='ocrx_word' id='word_1_324' title='bbox 1451 4451 1531 4526; x_wconf 79' lang='lat' dir='ltr'><strong>luge·</strong></span> 
     </span>
     <span class='ocr_line' id='line_1_40' title="bbox 384 4523 1531 4600; baseline 0.003 -22"><span class='ocrx_word' id='word_1_325' title='bbox 384 4524 480 4593; x_wconf 83' lang='lat' dir='ltr'><strong>niose3</strong></span> <span class='ocrx_word' id='word_1_326' title='bbox 501 4523 554 4579; x_wconf 89' lang='lat' dir='ltr'><strong>sed</strong></span> <span class='ocrx_word' id='word_1_327' title='bbox 572 4526 650 4581; x_wconf 87' lang='lat' dir='ltr'><strong>nulla</strong></span> <span class='ocrx_word' id='word_1_328' title='bbox 671 4525 839 4580; x_wconf 86' lang='lat' dir='ltr'><strong>correctoris</strong></span> <span class='ocrx_word' id='word_1_329' title='bbox 859 4524 940 4580; x_wconf 84' lang='lat' dir='ltr'><strong>istius</strong></span> <span class='ocrx_word' id='word_1_330' title='bbox 962 4525 1126 4580; x_wconf 82' lang='lat' dir='ltr'><strong>auctoritas.</strong></span> <span class='ocrx_word' id='word_1_331' title='bbox 1167 4524 1288 4580; x_wconf 85' lang='lat' dir='ltr'><strong>Correxi</strong></span> <span class='ocrx_word' id='word_1_332' title='bbox 1302 4541 1368 4600; x_wconf 86' lang='lat' dir='ltr'><strong>ego,</strong></span> <span class='ocrx_word' id='word_1_333' title='bbox 1389 4536 1421 4584; x_wconf 84' lang='lat' dir='ltr'><strong>et</strong></span> <span class='ocrx_word' id='word_1_334' title='bbox 1434 4524 1531 4585; x_wconf 69' lang='lat' dir='ltr'><strong>addidi</strong></span> 
     </span>
     <span class='ocr_line' id='line_1_41' title="bbox 386 4600 1468 4675; baseline 0.006 -20"><span class='ocrx_word' id='word_1_335' title='bbox 386 4606 438 4655; x_wconf 82' lang='lat' dir='ltr'><strong>ortt</strong></span> <span class='ocrx_word' id='word_1_336' title='bbox 458 4608 525 4675; x_wconf 87' lang='lat' dir='ltr'><strong>post</strong></span> <span class='ocrx_word' id='word_1_337' title='bbox 544 4617 717 4675; x_wconf 76' lang='lat' dir='ltr'><strong>qrronrqoom.</strong></span> <span class='ocrx_word' id='word_1_338' title='bbox 748 4600 930 4657; x_wconf 73' lang='lat' dir='ltr'><strong>Praedonem</strong></span> <span class='ocrx_word' id='word_1_339' title='bbox 950 4619 1013 4655; x_wconf 86' lang='lat' dir='ltr'><strong>curn</strong></span> <span class='ocrx_word' id='word_1_340' title='bbox 1033 4600 1128 4657; x_wconf 84' lang='lat' dir='ltr'><strong>Bend.</strong></span> <span class='ocrx_word' id='word_1_341' title='bbox 1149 4602 1301 4675; x_wconf 74' lang='lat' dir='ltr'><strong>qrtthnorn</strong></span> <span class='ocrx_word' id='word_1_342' title='bbox 1320 4607 1350 4657; x_wconf 88' lang='lat' dir='ltr'><strong>et</strong></span> <span class='ocrx_word' id='word_1_343' title='bbox 1368 4610 1468 4662; x_wconf 76' lang='lat' dir='ltr'><strong>norat.</strong></span> 
     </span>
    </p>

    <p class='ocr_par' dir='ltr' id='par_1_24' title="bbox 385 4674 1530 4751">
     <span class='ocr_line' id='line_1_42' title="bbox 385 4674 1530 4751; baseline 0.006 -23"><span class='ocrx_word' id='word_1_344' title='bbox 385 4691 410 4731; x_wconf 86' lang='lat' dir='ltr'><strong>r.</strong></span> <span class='ocrx_word' id='word_1_345' title='bbox 423 4674 480 4732; x_wconf 81' lang='grc'><strong>433</strong></span> <span class='ocrx_word' id='word_1_346' title='bbox 502 4676 683 4751; x_wconf 81' lang='lat' dir='ltr'><strong>Quapropter</strong></span> <span class='ocrx_word' id='word_1_347' title='bbox 702 4677 738 4733; x_wconf 93' lang='lat' dir='ltr'><strong>V.</strong></span> <span class='ocrx_word' id='word_1_348' title='bbox 752 4680 779 4733; x_wconf 86' lang='grc'><strong>1.</strong></span> <span class='ocrx_word' id='word_1_349' title='bbox 791 4680 819 4731; x_wconf 87' lang='grc'><strong>2.</strong></span> <span class='ocrx_word' id='word_1_350' title='bbox 898 4695 922 4731; x_wconf 85' lang='lat' dir='ltr'><strong>v.</strong></span> <span class='ocrx_word' id='word_1_351' title='bbox 937 4675 994 4734; x_wconf 85' lang='grc'><strong>434</strong></span> <span class='ocrx_word' id='word_1_352' title='bbox 1014 4683 1108 4733; x_wconf 83' lang='lat' dir='ltr'><strong>tortos</strong></span> <span class='ocrx_word' id='word_1_353' title='bbox 1127 4676 1163 4732; x_wconf 87' lang='lat' dir='ltr'><strong>V.</strong></span> <span class='ocrx_word' id='word_1_354' title='bbox 1176 4680 1204 4733; x_wconf 86' lang='lat'><strong>2.</strong></span> <span class='ocrx_word' id='word_1_355' title='bbox 1229 4683 1324 4733; x_wconf 77' lang='lat' dir='ltr'><strong>tortos</strong></span> <span class='ocrx_word' id='word_1_356' title='bbox 1344 4678 1381 4735; x_wconf 88' lang='lat' dir='ltr'><strong>V.</strong></span> <span class='ocrx_word' id='word_1_357' title='bbox 1395 4683 1423 4738; x_wconf 89' lang='lat'><strong>1.</strong></span> <span class='ocrx_word' id='word_1_358' title='bbox 1445 4680 1481 4740; x_wconf 87' lang='lat' dir='ltr'><strong>C.</strong></span> <span class='ocrx_word' id='word_1_359' title='bbox 1500 4679 1530 4737; x_wconf 79' lang='lat'><strong>1..</strong></span> 
     </span>
    </p>

    <p class='ocr_par' dir='ltr' id='par_1_25' title="bbox 328 4749 1393 4828">
     <span class='ocr_line' id='line_1_43' title="bbox 328 4749 1393 4828; baseline 0.005 -20"><span class='ocrx_word' id='word_1_360' title='bbox 328 4789 332 4795; x_wconf 89' lang='lat'>-</span> <span class='ocrx_word' id='word_1_361' title='bbox 384 4749 438 4808; x_wconf 74' lang='lat' dir='ltr'><strong>ted</strong></span> <span class='ocrx_word' id='word_1_362' title='bbox 457 4750 504 4807; x_wconf 82' lang='lat' dir='ltr'><strong>bic</strong></span> <span class='ocrx_word' id='word_1_363' title='bbox 523 4767 665 4828; x_wconf 85' lang='lat' dir='ltr'><strong>superscr.</strong></span> <span class='ocrx_word' id='word_1_364' title='bbox 686 4751 731 4808; x_wconf 83' lang='lat' dir='ltr'><strong>oei</strong></span> <span class='ocrx_word' id='word_1_365' title='bbox 751 4755 845 4809; x_wconf 80' lang='lat' dir='ltr'><strong>tortto.</strong></span> <span class='ocrx_word' id='word_1_366' title='bbox 923 4771 949 4808; x_wconf 85' lang='lat' dir='ltr'><strong>r.</strong></span> <span class='ocrx_word' id='word_1_367' title='bbox 963 4753 1019 4809; x_wconf 87' lang='grc'><strong>435</strong></span> <span class='ocrx_word' id='word_1_368' title='bbox 1040 4769 1136 4810; x_wconf 72' lang='lat' dir='ltr'><strong>moron</strong></span> <span class='ocrx_word' id='word_1_369' title='bbox 1155 4752 1190 4808; x_wconf 90' lang='lat' dir='ltr'><strong>L.</strong></span> <span class='ocrx_word' id='word_1_370' title='bbox 1212 4753 1248 4809; x_wconf 89' lang='lat' dir='ltr'><strong>V.</strong></span> <span class='ocrx_word' id='word_1_371' title='bbox 1264 4756 1333 4811; x_wconf 72' lang='lat' dir='ltr'><strong>m.</strong></span> <span class='ocrx_word' id='word_1_372' title='bbox 1355 4753 1393 4813; x_wconf 87' lang='lat' dir='ltr'><strong>C.</strong></span> 
     </span>
    </p>
   </div>
   <div class='ocr_carea' id='block_1_8' title="bbox 0 0 1863 5609">
    <p class='ocr_par' dir='ltr' id='par_1_26' title="bbox 0 0 1863 5609">
     <span class='ocr_line' id='line_1_44' title="bbox 0 0 1863 5609; baseline 0 0"><span class='ocrx_word' id='word_1_373' title='bbox 0 0 1863 5609; x_wconf 95' lang='lat' dir='ltr'><strong> </strong></span> 
     </span>
    </p>
   </div>
  </div>
 </body>
</html>
