3700 5609
340 588 403 667 182
447 583 453 592 ’
721 596 828 667 Lrnnn
848 595 890 665 V.
934 619 965 662 v.
989 598 1178 663 doceam.

350 790 390 830 tw
403 772 552 861 Cumque
573 770 640 836 suis
663 769 809 837 domibus
832 766 956 836 concha
978 764 1128 857 valloque
1150 764 1279 833 latentis

401 879 573 947 Protrahet
594 882 771 947 immersus.
815 877 893 945 nihil
916 886 966 945 est
987 876 1106 945 audere
1128 861 1291 958 relictum3

402 990 563 1075 Quaestus
585 992 750 1080 naufragio
779 991 914 1080 petitur,
942 1009 1124 1077 corpusque
1153 982 1312 1076 profundo

400 1097 582 1167 lmmissum
603 1101 722 1190 pariter
744 1123 840 1189 quarn
862 1097 983 1188 praeda
1004 1098 1181 1187 exquiritur
1200 1097 1279 1185 ipsa.

402 1208 473 1277 Nec
496 1232 624 1299 semper
646 1211 725 1275 tanti
745 1231 871 1275 merces
893 1217 943 1274 est
963 1229 1063 1297 parva
1084 1206 1219 1273 laboris:

353 1336 392 1377 ⁴⁰⁵
406 1318 565 1385 Censibus
588 1327 767 1409 aequantur
789 1316 942 1400 conchae,
963 1316 1169 1407 lapidumque
1191 1314 1286 1381 nitori

402 1429 469 1497 Vix
492 1429 660 1517 quisquam
682 1439 732 1495 est
751 1427 905 1517 locuples.
951 1434 1102 1493 oneratur
1124 1434 1209 1492 terra
1229 1425 1399 1515 profundo.

310 1627 313 1631 ¹
403 1536 475 1604 Tali
496 1546 584 1603 sorte
607 1560 680 1603 suas
705 1547 788 1604 artes
810 1560 869 1627 per
888 1536 981 1603 litora
1004 1545 1128 1617 tractat,

402 1647 468 1713 Aut
490 1648 567 1712 emit
590 1657 741 1714 externos
764 1650 866 1738 pretio
889 1655 1054 1736 mutatque
1077 1646 1203 1713 labores

401 1755 529 1822 Institor
551 1778 731 1847 aequoreae
753 1758 841 1823 varia
863 1756 922 1823 sub
944 1759 1084 1847 imagine
1106 1758 1229 1823 mercis.

353 1868 554 1956 uocumque
576 1866 662 1933 Fidis
683 1890 801 1957 magno
825 1866 1004 1936 succedunt
1023 1866 1128 1934 sidera
1148 1865 1279 1947 mundo,

403 1978 576 2062 Quaesitor
597 1976 756 2043 scelerum
778 1980 896 2056 veniet,
917 1976 1101 2067 vindexque
1124 1999 1263 2058 reorum,

403 2085 467 2170 Qui
488 2086 659 2152 commissa
681 2087 746 2151 suis
768 2085 933 2152 rimabitur
955 2087 1160 2177 argumentis,

379 2186 385 2197 ’
403 2193 438 2259 ln
460 2194 629 2286 lucemque
651 2194 757 2261 trahet
778 2201 873 2261 tacita
894 2196 1050 2263 latitantia
1073 2194 1194 2262 fraude.
1255 2214 1257 2220 ’

404 2304 487 2372 Hinc
511 2307 606 2373 etiam
627 2307 756 2371 immitis
778 2315 889 2388 tortor,
910 2329 1100 2396 poenaeque
1121 2306 1275 2388 minister,

353 2431 392 2473 rra
404 2413 447 2481 Et
470 2416 611 2506 quisquis
634 2437 755 2481 verove
777 2416 873 2497 lavet,
895 2416 1064 2505 culpamve
1087 2415 1222 2505 perodit,

403 2524 564 2605 Proditur,
585 2534 681 2615 atquc
705 2525 768 2592 alto
793 2526 847 2615 qui
866 2526 968 2615 iurgia
990 2533 1122 2615 pectore
1144 2523 1243 2590 tollat.

404 2633 581 2701 Caeruleus
604 2643 703 2723 ponto
727 2656 801 2700 cum
824 2659 859 2701 se
881 2634 1062 2725 Delphinus
1082 2636 1115 2702 in
1139 2644 1224 2701 astra

404 2742 515 2834 Erigit,
539 2753 571 2810 et
593 2766 760 2834 squamam
782 2743 881 2810 stellis
903 2743 1097 2812 imitantibus
1121 2746 1196 2825 exit,

403 2852 580 2944 Ambiguae
603 2864 707 2921 terrae
728 2862 839 2944 partus
861 2853 1043 2945 pelagoque
1066 2863 1201 2921 creatur.
1288 2919 1293 2945 χ

353 2963 492 3032 aoNam
513 2964 602 3031 velut
622 2967 691 3054 ipse
713 2966 782 3031 citis
804 2964 980 3053 perlabitur
1001 2987 1142 3055 aequora
1161 2966 1275 3055 pinnis,

400 3073 497 3142 Nunc
519 3098 679 3141 summum
701 3076 849 3144 scindens
872 3074 1016 3166 pelagus,
1036 3097 1122 3141 nunc
1144 3072 1208 3140 alta
1229 3072 1387 3165 profundi,
1463 3077 1468 3133 Ῐ

403 3182 446 3248 Et
466 3184 585 3251 sinibus
607 3188 693 3252 virus
715 3188 820 3277 signat
840 3187 1036 3286 ilucturnque
1059 3183 1188 3274 figurat3

339 3442 373 3499 A.
399 3463 425 3501 r.
439 3444 497 3503 400
517 3446 640 3504 conchas
757 3465 782 3505 r.
796 3448 851 3505 401
873 3446 1018 3504 Protrahit
1037 3447 1184 3505 immersas
1302 3465 1328 3504 r.
1342 3446 1400 3507 404
1420 3448 1498 3507 Nam

375 3564 382 3582 ‚
397 3539 424 3577 v.
438 3520 495 3578 405
515 3522 704 3599 rapidumque
724 3525 817 3580 notari
894 3543 920 3580 v.
934 3523 991 3580 413
1010 3524 1155 3599 tacitaque
1167 3523 1283 3581 licentia
1361 3544 1386 3582 v.
1400 3524 1458 3584 415
1481 3545 1546 3586 vero

396 3594 468 3651 favit
543 3615 569 3655 v.
582 3599 640 3656 420
658 3601 762 3677 pennis
840 3619 865 3657 v.
880 3600 938 3656 422
958 3600 1072 3657 senibus
1092 3601 1166 3657 vires
1189 3602 1274 3657 suanit

239 3700 241 3705 Ι
338 3722 371 3781 S.
397 3740 423 3778 v.
438 3722 492 3783 401
512 3724 658 3784 Protrahit
735 3746 760 3784 v.
774 3727 831 3785 404
850 3728 926 3784 Nam
1004 3746 1029 3784 v.
1043 3727 1100 3787 405
1121 3736 1152 3789 ut
1171 3730 1204 3785 A.
1269 3747 1295 3786 v.
1311 3729 1367 3787 415
1388 3735 1456 3787 vero
1478 3730 1547 3789 sarit

284 3862 289 3872 ⁸
396 3832 434 3841 -
454 3820 510 3860 vss.
523 3802 581 3862 437
601 3812 630 3861 et
648 3809 696 3864 38.
718 3804 783 3861 coll.
804 3812 871 3881 post
889 3804 957 3863 419.
1040 3824 1067 3862 v.
1081 3804 1138 3863 422
1158 3806 1232 3862 vires
1251 3806 1336 3862 sumit

277 3926 279 3929 ’
337 3926 375 3985 Β.
396 3946 422 3985 v.
436 3930 493 3987 403
514 3950 576 3987 cum
693 3952 718 3990 r.
733 3933 789 3990 405
809 3931 999 4009 rapidumque
1019 3932 1112 4000 notari
1228 3951 1253 3991 v.
1268 3932 1326 3992 408
1346 3940 1481 3991 externas

395 4024 422 4061 v.
436 4006 492 4065 413
512 4007 649 4065 laetantia
726 4027 752 4067 r.
766 4008 823 4068 415
845 4025 910 4066 vero
928 4007 1018 4064 favit·
1068 4028 1093 4065 v.
1107 4006 1164 4065 416
1180 4007 1315 4066 Proditor
1380 4028 1408 4067 r.
1422 4012 1481 4069 422
1495 4030 1544 4089 gy·

395 4102 442 4140 ros
463 4083 603 4159 glomerat

337 4208 374 4267 V.
395 4229 421 4267 v.
435 4212 489 4269 401
511 4212 665 4271 Protrobot
684 4231 792 4271 omnes.
871 4234 896 4270 v.
910 4212 968 4271 404
988 4215 1048 4269 Noc
1069 4231 1177 4272 omnes.
1246 4234 1271 4272 v.
1285 4214 1341 4272 405
1360 4214 1547 4292 rapidumque

332 4324 334 4328 -
395 4306 504 4346 omnes.
524 4292 622 4347 notari
639 4291 727 4347 ceteri
747 4290 815 4364 (sed
835 4310 852 4347 a
872 4309 945 4347 corr.
965 4290 1014 4359 L.;
1033 4290 1139 4359 luerat,
1158 4294 1260 4349 cotom.
1280 4293 1372 4349 actori
1381 4291 1419 4348 V.
1431 4296 1460 4350 2.
1474 4312 1545 4349 corr.

396 4362 533 4421 Dorville.
553 4368 721 4443 margaritas
742 4367 881 4442 intellige.
974 4385 999 4423 v.
1015 4366 1072 4424 407
1091 4367 1166 4440 forte
1186 4386 1331 4430 omncs,
1382 4386 1409 4425 v.
1423 4370 1482 4427 413
1503 4369 1545 4429 la-

396 4441 487 4495 loretto
502 4458 610 4499 ornnes.
687 4462 713 4499 r.
728 4444 784 4501 415
805 4461 870 4501 aero
888 4443 964 4516 fucit
981 4444 1084 4513 ceteri3
1103 4442 1185 4515 fouet
1197 4444 1234 4500 V.
1248 4448 1276 4501 2.
1297 4444 1332 4500 L.
1354 4442 1422 4515 (sed
1442 4446 1473 4501 in
1492 4446 1548 4502 lroc

397 4532 416 4568 a
435 4531 508 4571 corr.
528 4513 562 4588 t.)
581 4518 645 4594 Ego
665 4521 784 4578 correxi.
866 4538 889 4576 v.
903 4519 960 4578 416
981 4519 1119 4578 Proditor
1137 4538 1245 4577 omnes.
1317 4538 1342 4576 v.
1358 4521 1415 4580 419
1436 4530 1547 4580 motus

397 4592 503 4661 ceteri;
522 4599 633 4650 creatur
653 4596 691 4650 V.
701 4600 729 4653 2.
803 4620 806 4625 ·
827 4615 852 4651 v.
867 4595 924 4653 422
948 4600 983 4654 Et
1001 4594 1113 4654 mathae
1131 4599 1206 4653 oireo
1225 4603 1315 4654 eumn
1335 4615 1443 4657 omnes.
1483 4600 1546 4675 Ego

397 4667 517 4723 correxi.
546 4671 629 4728 douo
653 4672 711 4728 inte
747 4679 825 4730 retor
844 4674 945 4741 orbes,
977 4690 1049 4747 quos
1070 4671 1216 4733 exsultans
1237 4689 1363 4748 aequore
1383 4673 1546 4752 Delphinus

397 4741 503 4813 efficit3
523 4738 690 4821 strictamque
706 4691 811 4822 1450401
831 4748 1031 4839 applicationis
1044 4750 1140 4806 instar
1160 4757 1214 4807 est.
1330 4780 1333 4784 ·
