3700 5609
835 547 1033 617 lunum
1470 545 1535 616 215

367 721 447 800 apud
467 722 539 784 alios
559 726 665 800 poetas
684 738 742 779 nou
761 739 850 799 saepe
869 722 1026 793 invenitur3
1050 732 1163 780 noctem
1183 721 1367 799 prornittere;
1393 718 1459 775 binc
1479 738 1532 776 no·

367 823 468 870 cturua
487 815 570 889 signa
589 813 714 871 feminea
733 833 798 872 esse
819 814 960 882 dicuntur,
972 815 1015 882 ἸΙ,
1034 816 1101 871 222.

323 908 447 962 aoouoit
466 925 498 963 se
517 906 616 961 Venus
636 906 665 961 in
684 906 803 983 piscem,
821 906 873 973 lV,
892 908 959 965 579.

321 1015 421 1056 nouos
440 1000 525 1055 orbes
545 995 720 1056 subduxerat
739 1016 873 1066 oceanus,
892 999 911 1055 i.
933 1017 959 1057 e.
980 1006 1077 1074 partes
1098 999 1174 1056 orbis
1194 1017 1283 1063 novar
1302 997 1424 1067 suturas,
1441 999 1533 1077 siper

363 1090 573 1165 navigationem
598 1091 791 1168 aperirentur,
820 1090 953 1147 immotus
982 1091 1067 1148 remis
1096 1100 1200 1169 pontus
1226 1090 1418 1159 subducebat,
1442 1092 1531 1160 1‚76.

293 1217 297 1223 -
363 1185 448 1240 nonis
466 1182 549 1239 terris
569 1183 707 1239 Auroram
728 1181 889 1250 ostendere,
910 1201 984 1258 quae
1004 1183 1062 1240 illic
1082 1180 1219 1242 orientem
1240 1201 1303 1241 eam
1324 1192 1392 1241 ante
1411 1202 1469 1240 non
1489 1183 1531 1241 vi·

365 1273 477 1342 derant,
495 1274 518 1341 l,
538 1276 611 1345 5265
631 1292 706 1331 soon
726 1273 823 1330 sidera
841 1274 963 1331 flammis
983 1276 1092 1343 vicinis,
1112 1276 1131 1332 i.
1152 1294 1179 1333 e.
1199 1294 1274 1333 nova
1292 1274 1469 1333 flammarum
1490 1276 1531 1331 vi-

364 1367 476 1435 cinitas,
493 1366 516 1435 Ι,
535 1365 603 1425 748.
643 1368 728 1423 eooir
746 1362 860 1440 (lucris)
881 1385 961 1443 spem
981 1367 1096 1436 babere,
1115 1367 1166 1435 lv,
1186 1370 1251 1427 125.

320 1475 453 1516 auno-
465 1476 538 1517 uuae
557 1476 575 1515 a
593 1466 724 1535 tempore
744 1455 783 1514 ad
801 1457 895 1513 locum
915 1459 1096 1531 transfertur,
1116 1460 1139 1529 Ι,
1157 1462 1229 1531 656,
1252 1460 1383 1519 similiter
1400 1460 1450 1530 ΙΙΙ,
1462 1460 1529 1520 640.

319 1548 430 1607 nubens
449 1550 582 1607 Bacchus
602 1550 641 1608 ad
659 1550 751 1606 ulmos
770 1550 904 1625 iungitur,
923 1551 959 1619 V,
979 1555 1046 1610 238.

320 1641 411 1700 nubes
435 1643 558 1699 obscura
581 1642 689 1699 Cancri
714 1642 895 1718 conglobatio
920 1643 1047 1702 siderum
1069 1653 1127 1713 est,
1152 1663 1227 1720 quae
1252 1645 1420 1704 nebularum
1440 1646 1530 1704 instar

363 1736 394 1791 in
412 1745 530 1812 pectore
551 1734 656 1791 Cancri
676 1733 787 1803 visitur-3
805 1752 948 1813 praesepe
968 1738 1138 1807 nominatur,
1157 1738 1208 1807 lV,
1228 1740 1294 1796 530.

321 1830 357 1885 ia
374 1845 520 1885 usurarum
537 1824 651 1898 referre,
671 1826 701 1882 in
718 1845 852 1883 numeros
870 1829 1014 1905 poeticos,
1033 1829 1056 1897 l,
1076 1833 1122 1888 19.

321 1922 449 1977 nutricio
467 1919 577 1976 caelum
598 1927 723 1985 vocatur,
743 1920 791 1974 ubi
810 1928 893 1975 natus
915 1920 1025 1976 anbnrvs
1044 1919 1194 1989 humanus,
1214 1920 1264 1991 lV,
1283 1925 1350 1982 879.

321 2016 433 2071 nutrire
451 2031 541 2069 annos
561 2020 684 2079 teneros,
704 2012 987 2089 instituerepueros,
1006 2013 1043 2081 V,
1063 2014 1130 2070 456.

321 2112 412 2175 nutu,
437 2107 456 2161 i.
477 2122 503 2162 e.
531 2105 651 2182 imperio
674 2103 878 2172 Phaethontis,
907 2113 1037 2169 errantes
1060 2104 1208 2173 llammae,
1239 2107 1266 2174 Ι,
1296 2107 1369 2177 743;
1399 2108 1529 2166 similiter

365 2198 453 2256 cliens
473 2207 591 2254 vocatur
608 2196 765 2265 blanditur,
783 2196 803 2252 i.
824 2214 851 2252 e.
871 2194 978 2254 blande
991 2189 1156 2267 obediens,
1179 2201 1209 2257 in
1228 2216 1327 2257 oetaeo
1343 2207 1433 2258 nutus
1449 2199 1526 2257 lieri·

364 2289 417 2360 les,
436 2291 486 2359 ΙΙΙ,
507 2290 573 2350 149.

328 2625 475 2726 olgmpur
494 2649 667 2717 submersus,
684 2644 795 2703 caelum
815 2644 931 2722 quando
952 2646 997 2703 sol
1016 2645 1130 2717 occidit,
1148 2645 1171 2715 Ι,
1191 2650 1256 2705 178.

328 2745 426 2811 Mine,
444 2734 479 2799 τὸ
499 2739 570 2807 πᾶν,
588 2737 688 2797 mundi
707 2740 885 2807 universitas,
904 2739 953 2806 ΙΙΙ,
973 2741 1040 2805 327,
1060 2738 1110 2805 lv,
1129 2739 1197 2797 406.

324 2834 362 2893 ub
383 2836 468 2903 ouini,
486 2832 506 2888 i.
527 2850 553 2888 e.
575 2832 611 2887 ab
632 2829 708 2885 omni
727 2828 774 2886 vel
794 2848 965 2905 quoeunque
984 2830 1059 2897 loco,
1079 2830 1129 2897 ΙΙΙ,
1148 2830 1225 2893 374..

325 2945 408 2996 osus,
427 2926 446 2982 i.
466 2943 493 2981 e.
513 2924 641 2979 iumenta
660 2940 731 2977 onus
751 2919 884 2989 ferentia,
904 2925 1022 2996 opilare,
1042 2922 1078 2990 V,
1097 2926 1164 2981 351.

325 3038 408 3096 opus,
427 3019 447 3075 i.
467 3036 494 3074 e.
514 3034 625 3081 munus,
646 3023 676 3069 ut
696 3031 783 3089 saepe
803 3014 882 3092 apud
901 3020 1022 3093 poetas3
1047 3033 1141 3089 neque
1167 3034 1232 3072 raro
1257 3015 1322 3091 ipsa
1345 3032 1439 3071 rerum
1464 3013 1527 3067 uni-

364 3110 494 3175 versitas,
515 3116 654 3183 quatenus
675 3113 773 3162 creata
790 3106 837 3163 vel
856 3108 1015 3185 composita
1035 3117 1087 3176 est,
1108 3126 1180 3184 opus
1199 3116 1324 3176 vocatur,
1339 3106 1414 3163 velut
1426 3105 1449 3173 Ι,
1460 3106 1527 3163 247.

326 3202 393 3261 orbo
410 3200 499 3259 medio
516 3200 585 3255 luna
605 3197 753 3275 impletur,
777 3199 797 3255 i.
818 3218 845 3256 e.
864 3200 961 3257 media
986 3201 1093 3268 orbita,
1116 3199 1213 3258 medio
1240 3220 1325 3257 cursu
1348 3200 1417 3255 luna
1441 3198 1528 3276 plena

363 3303 418 3363 est,
436 3294 459 3366 Ι,
478 3294 551 3362 469;
572 3290 610 3347 cs.
630 3290 652 3358 Ι,
671 3290 738 3348 740.
778 3290 863 3361 orbis,
881 3312 950 3370 pars
970 3294 1068 3368 aliqua
1086 3303 1191 3362 terrae,
1209 3294 1231 3362 Ι,
1245 3278 1316 3364 302;
1337 3291 1423 3359 ollio,
1442 3298 1528 3357 terra,

365 3385 501 3465 opposita
524 3383 608 3451 mari,
633 3382 670 3450 V,
691 3386 757 3440 195.
796 3383 872 3441 orbis
895 3384 992 3443 nudus
1013 3388 1045 3442 iu
1066 3384 1197 3457 collibus,
1222 3386 1242 3441 i.
1263 3404 1289 3442 e.
1309 3392 1369 3441 totu
1388 3392 1528 3463 terrarum

364 3482 435 3537 orbe
458 3476 542 3544 nudi,
567 3475 697 3543 cinctuti,
720 3475 850 3534 homines
874 3478 905 3534 in
929 3478 1016 3535 messi
1041 3475 1217 3553 colligenda,
1237 3478 1267 3534 in
1285 3477 1375 3533 vineis
1395 3473 1529 3553 occupati

362 3581 440 3630 sunt.
479 3569 561 3627 donec
580 3568 659 3622 vestr
682 3567 759 3625 orbis
782 3570 816 3625 ia
841 3568 949 3640 orbem,
975 3570 1068 3628 donec
1092 3571 1184 3627 orbita
1208 3572 1238 3629 in
1259 3572 1526 3629 orbemrecurrens

310 3648 316 3657 ,
364 3666 470 3733 linitur,
488 3662 538 3729 lll,
556 3663 604 3717 86.
645 3658 737 3716 orbern
754 3662 863 3718 Marius
882 3664 959 3740 cepit
979 3681 997 3720 a
1017 3663 1199 3739 Carthaginis
1225 3661 1434 3740 crepidinibus,
1460 3662 1528 3737 quia

364 3762 436 3816 urbe
455 3756 562 3833 potitus
583 3751 644 3807 orbi
663 3753 798 3828 praefuit,
816 3754 866 3821 lV,
886 3759 935 3811 48.

325 3870 382 3911 oro
400 3850 506 3906 debere
526 3846 620 3913 alicui,
640 3844 659 3900 i.
680 3863 706 3901 e.
727 3863 759 3900 os
780 3845 941 3913 rotundum,
961 3847 1129 3913 orationem,
1143 3846 1397 3920 suaviloquentiam
1410 3849 1527 3921 poetae,

365 3936 403 4010 ΙΙ,
423 3944 470 4020 57,
489 3940 618 3998 similiter
636 3956 690 3995 oro
709 3935 778 4017 dorp
796 3936 890 4003 alicui,
910 3937 946 4005 ΙΙ,
959 3937 1025 3994 436.
1056 3936 1151 3996 reddit
1170 3938 1253 3994 Luna
1272 3954 1326 3994 ora
1344 3935 1442 3993 fratris
1461 3956 1526 3992 cur·
1626 3927 1631 3932 ’

315 4029 317 4034 ’
365 4036 454 4101 ribus,
474 4032 494 4090 i.
514 4052 541 4090 e.
562 4030 651 4087 oculis
671 4031 701 4086 in
721 4027 818 4085 fratris
839 4048 921 4085 curru
940 4030 1062 4088 haerens
1081 4030 1175 4087 lucem
1194 4028 1261 4085 inde
1282 4047 1331 4085 ore
1351 4048 1403 4085 suo
1417 4030 1528 4105 recipit,

364 4138 394 4187 et
414 4145 478 4184 earn
497 4126 590 4183 lucem
610 4122 714 4190 reddit,
733 4129 841 4179 tantam
861 4130 995 4198 quantam
1014 4122 1140 4200 accepit,
1159 4122 1182 4190 l,
1202 4125 1268 4180 873.
1314 4111 1373 4178 oris
1392 4122 1411 4177 i.
1433 4141 1459 4178 e.
1479 4121 1526 4179 sa·

365 4221 421 4277 ciei
446 4218 559 4294 nigrae,
591 4234 688 4273 uourrn
714 4214 796 4272 balet
824 4216 1011 4283 Mauritania,
1041 4215 1085 4272 vel
1114 4216 1229 4272 nomine
1259 4213 1383 4271 colorem
1407 4212 1526 4292 prolite-

364 4324 419 4382 tur‚
438 4312 489 4380 lV,
509 4314 576 4368 729.

324 4414 391 4465 otto
410 4424 479 4483 pars
499 4404 597 4460 ultima
615 4402 736 4469 tollitur,
754 4402 791 4469 V,
810 4401 876 4459 234.

327 4505 410 4557 onus
429 4498 447 4553 i.
467 4516 493 4555 e.
514 4503 613 4575 partus
632 4527 670 4537 -
691 4513 725 4551 ac
745 4514 835 4572 saepe
856 4496 976 4552 alterurn
1001 4514 1054 4571 pro
1080 4494 1170 4551 altero
1195 4493 1310 4551 nornine
1331 4492 1406 4550 venit
1424 4523 1461 4533 -
1482 4492 1526 4551 esu

367 4590 462 4646 irrndit
480 4588 640 4666 Aquarius,
660 4589 700 4658 ll,
720 4592 791 4659 2393
816 4588 1014 4659 cs.1V,206;
1040 4590 1118 4647 oriris
1142 4590 1231 4657 Arae,
1255 4590 1274 4646 i.
1296 4609 1321 4647 e.
1343 4589 1400 4642 Aru
1425 4584 1544 4651 oriens,-

367 4683 404 4751 V,
423 4684 489 4743 345.
