3700 5609
329 592 371 660 74
688 588 794 660 Lmen
815 585 850 658 ll.
893 614 925 657 r.
950 593 1136 657 660-674.

342 760 465 830 thec
486 784 552 830 non
576 772 608 830 et
628 762 746 853 duplici
769 786 851 853 quae
874 771 948 829 sunt
969 782 1118 827 connexa
1140 758 1241 851 figura

392 873 550 958 Quartum
574 896 720 965 quaeque
740 872 849 940 locum
870 874 1015 940 retinent.
1060 870 1123 937 duo
1147 889 1280 938 cernere
1301 868 1424 952 Pisces,

392 982 436 1049 Et
457 982 612 1051 Geminos
633 984 767 1065 iuvenis,
789 982 1014 1074 duplicemque
1036 983 1069 1048 in
1089 982 1223 1073 Virgine
1243 980 1390 1063 formam,

390 1092 432 1160 Et
454 1093 518 1161 duo
541 1093 696 1161 Centauri
713 1092 790 1161 licet
811 1114 875 1160 uno
899 1114 1035 1183 corpora
1056 1101 1157 1159 textu.

391 1203 447 1270 Sic
471 1212 503 1270 et
524 1203 720 1294 simplicibus
741 1204 839 1293 signis
863 1211 925 1269 stat
947 1204 1050 1270 forma
1072 1203 1234 1293 quadrata.

340 1312 477 1380 oosNam
498 1336 605 1405 neque
626 1313 753 1381 Taurus
774 1312 872 1379 habet
893 1314 1052 1395 comitem,
1075 1335 1137 1380 nec
1158 1313 1303 1404 iungitur
1321 1311 1378 1379 ulli

389 1423 578 1490 Horrendus
600 1421 679 1505 Leo,
699 1446 762 1490 nec
784 1425 898 1489 metuit
918 1424 987 1489 sine
1010 1446 1146 1514 corpore
1169 1445 1365 1515 quemquam
1407 1469 1408 1473 =

390 1533 553 1624 Scorpius,
576 1544 672 1626 atque
693 1557 758 1601 uno
783 1543 932 1602 censetur
954 1534 1111 1624 Aquarius
1136 1543 1230 1601 astro.

390 1642 444 1708 Sic
468 1667 680 1735 quaecunque
701 1654 833 1710 manent
852 1644 1006 1734 quadrato
1030 1643 1158 1709 condita
1179 1644 1299 1735 templo

391 1751 500 1841 Signa,
521 1775 633 1844 parem
654 1754 796 1821 relerunt
815 1756 957 1822 numeris
979 1763 1035 1819 aut
1055 1764 1199 1844 tempore
1221 1763 1351 1837 sortem,

340 1877 380 1920 6⁷0
391 1862 439 1928 Ac
460 1862 561 1930 veluti
583 1872 721 1953 cognata
742 1873 874 1930 manent
895 1865 953 1930 sub
974 1863 1105 1931 loedere
1127 1863 1190 1931 tali.

388 1969 509 2038 Idcirco
534 1973 652 2041 adfines
674 1969 812 2063 signant,
834 1973 1048 2064 gradibusque
1070 1975 1257 2065 propinquis

388 2080 564 2163 Accedunt,
586 2105 714 2172 unaque
736 2092 847 2149 tenent
867 2083 933 2177 sub¹
949 2083 1088 2172 imagine
1110 2092 1212 2166 natos,

390 2191 557 2281 Quotquot
578 2192 758 2258 cardinibus
780 2194 869 2282 virga
891 2192 1036 2258 variante
1058 2203 1238 2262 moventur.

390 2299 483 2384 Quae
506 2324 700 2395 quamquam
721 2303 753 2370 in
774 2303 873 2392 partis
896 2302 988 2368 divisi
1011 2310 1160 2393 quattuor
1182 2302 1267 2368 orbis

323 2525 358 2583 A.
384 2544 409 2583 v.
424 2530 480 2584 663
502 2528 571 2584 texti
648 2544 674 2583 r.
688 2530 745 2588 665
765 2526 892 2605 pingitur
968 2538 1035 2606 post
1053 2546 1094 2586 vs.
1105 2531 1162 2589 672
1181 2533 1339 2605 sequuntur
1353 2545 1409 2586 rss.
1421 2530 1478 2589 677

363 2601 402 2659 ad
421 2606 477 2662 686
496 2604 563 2660 incl.
641 2622 667 2662 v.
682 2608 737 2663 673
757 2606 875 2682 proprio
895 2623 955 2663 var.
1032 2625 1058 2664 v.
1073 2605 1130 2665 674
1150 2605 1245 2664 divisit

323 2729 355 2788 S.
379 2734 638 2807 uumquemque
736 2749 761 2788 r.
776 2735 832 2789 663
851 2739 944 2791 textos
1043 2752 1069 2791 v.
1083 2737 1140 2793 667
1158 2733 1296 2812 Scorpios
1316 2764 1354 2777 ···
1374 2741 1522 2791 censentur

379 2816 445 2885 post
464 2826 505 2865 vs.
520 2812 577 2866 672
597 2815 754 2885 sequuntur
777 2827 833 2866 vss.
848 2813 904 2868 677
924 2810 963 2866 ad
982 2810 1039 2870 684
1057 2811 1124 2868 incl.
1277 2829 1304 2867 r.
1319 2814 1376 2869 673
1397 2810 1522 2885 sequitur

379 2893 446 2962 post
465 2904 506 2944 vs.
521 2885 586 2955 684,
607 2885 711 2943 deinde
731 2904 773 2943 vs.
788 2888 844 2945 685
865 2895 894 2944 et
912 2890 966 2957 86,
992 2887 1096 2945 deinde
1116 2906 1157 2945 rs.
1173 2886 1321 2947 674-76
1429 2906 1454 2945 v.
1468 2890 1504 2945 67

378 2963 495 3040 proprio
1364 3001 1368 3008 -
1497 2995 1499 2999 ⁴

320 3086 357 3146 B.
378 3108 404 3145 v.
419 3094 475 3147 666
495 3091 597 3148 meruit
616 3092 672 3148 sibi
691 3099 806 3149 nectere
902 3110 929 3148 r.
943 3095 1000 3151 667
1019 3092 1156 3169 Scorpios
1252 3107 1278 3149 r.
1293 3093 1350 3151 670
1368 3093 1449 3151 Haec

379 3186 404 3222 v.
419 3171 476 3225 672
495 3186 610 3243 unoque
630 3199 668 3208 —
688 3169 826 3243 sanguine
903 3179 971 3245 post
989 3188 1030 3227 vs.
1045 3173 1102 3228 672
1121 3177 1259 3245 sequatur
1276 3188 1333 3227 uss.
1342 3173 1399 3229 685
1415 3178 1444 3229 et
1456 3172 1501 3227 86.

378 3262 404 3299 v.
419 3247 476 3301 673
496 3245 569 3302 serie
589 3243 716 3300 variante

320 3371 357 3428 V.
377 3390 403 3427 r.
419 3372 616 3428 662toocrts.
693 3389 719 3427 r.
732 3374 790 3428 663
809 3379 919 3431 matum
937 3391 1045 3431 omnes.
1066 3392 1139 3431 corr.
1158 3371 1195 3430 B.
1279 3390 1305 3427 v.
1320 3374 1377 3433 665
1396 3375 1521 3449 pieqltor

379 3467 403 3505 v.
419 3450 474 3504 666
500 3450 560 3504 siric
584 3464 718 3521 campore
747 3450 894 3524 ingeniose
922 3451 1037 3507 coniicit
1055 3448 1210 3508 Dorvillius
1236 3446 1274 3505 ad
1302 3450 1412 3507 Charit.
1458 3452 1522 3507 Sine

379 3525 533 3599 corporei.
555 3541 580 3579 e.
603 3524 664 3579 sine
686 3543 830 3600 quoquam
850 3543 914 3583 esse
936 3527 1039 3583 dicitur
1058 3527 1196 3603 Scorpius
1215 3534 1329 3601 argute,
1349 3525 1428 3603 quod
1448 3528 1520 3582 omni

379 3601 515 3656 societate
536 3607 622 3656 caret.
740 3619 764 3657 r.
779 3605 833 3659 671
855 3602 1043 3678 quouibusquc
1064 3619 1171 3659 omnes.
1254 3612 1322 3680 post
1340 3621 1381 3659 rs.
1396 3605 1453 3661 672
1474 3619 1518 3659 se-

378 3683 502 3753 quuntur
520 3693 576 3731 uss.
597 3678 654 3732 677
675 3677 714 3733 ad
737 3695 779 3734 rs.
794 3681 860 3736 686,
905 3680 947 3734 Ae
971 3697 1058 3757 prave
1082 3680 1185 3734 mixtos
1209 3695 1308 3736 versus
1333 3697 1398 3737 esse
1423 3695 1518 3736 omnes

377 3751 566 3809 consentiunt.
593 3752 675 3809 Meus
696 3753 767 3810 ordo
787 3762 907 3832 propter
925 3754 999 3811 haec
1017 3755 1086 3811 milri
1105 3772 1189 3811 verus
1214 3771 1278 3813 esse
1302 3755 1431 3812 videtur:
1458 3773 1518 3813 ver-

376 3850 424 3887 sus
450 3825 506 3887 673
531 3838 560 3888 et
578 3830 700 3907 proximi
719 3838 777 3887 tres
802 3832 940 3905 adsigna
970 3831 1111 3906 quadrata
1140 3831 1311 3889 reseruntur.
1354 3832 1519 3907 Sequuntur

375 3906 488 3984 trigona
508 3925 526 3963 a
546 3925 587 3963 vs.
602 3909 668 3965 677.
708 3906 822 3965 Deinde
848 3926 915 3965 vero
941 3909 1046 3965 uicinis
1064 3910 1210 3984 proraiam,
1236 3926 1277 3964 rs.
1296 3908 1351 3967 685
1373 3906 1410 3965 de
1429 3907 1518 3965 hexa-

374 3984 456 4059 gonis
484 3983 664 4059 interpretor.
711 3983 786 4039 Nam
813 3985 897 4041 tertia
922 4001 1054 4059 quaeque
1079 3984 1178 4040 vicinis
1202 3986 1333 4061 proxima
1358 4000 1423 4042 esse
1443 3983 1518 4056 dicit,

375 4061 442 4135 quia
471 4061 584 4134 singula
615 4068 723 4115 tantum
750 4062 831 4136 signa
861 4062 1089 4137 interponuntur.
1133 4060 1178 4116 Ea
1204 4062 1290 4136 igitur
1318 4060 1421 4118 ordine
1435 4061 1518 4122 lusit

372 4136 498 4214 hospitia
515 4136 631 4193 babent.
672 4136 761 4203 Quod
779 4138 834 4194 nisi
854 4156 965 4193 mecum
983 4146 1106 4205 statues,
1126 4136 1163 4193 de
1182 4136 1340 4213 hexagonis
1364 4135 1438 4193 nibil
1460 4145 1516 4193 tra-

375 4213 467 4270 detur.
498 4211 585 4281 Quod
605 4212 772 4269 incredibile
792 4223 844 4271 est.
870 4213 908 4269 Et
927 4214 1104 4289 respondent
1121 4213 1195 4269 haec
1213 4215 1268 4271 iuri
1288 4215 1418 4289 antiquo.
1444 4213 1517 4271 Nam

373 4308 460 4345 unmn
480 4289 649 4362 quadratum
670 4286 775 4359 aflictos
799 4289 919 4359 habent3
946 4288 1066 4347 alterurn
1092 4297 1232 4363 copertos
1256 4292 1429 4369 propinquis
1451 4308 1516 4367 gra-

375 4364 473 4430 dibus,
492 4366 512 4420 i.
532 4384 558 4422 e.
582 4366 728 4434 sobrinos;
755 4368 868 4422 tertium
894 4372 1017 4439 operatos
1042 4366 1143 4424 eadem
1171 4370 1224 4423 sub
1247 4369 1371 4443 imagine
1396 4368 1416 4424 i.
1437 4386 1464 4425 e.
1484 4368 1516 4423 ab

374 4439 482 4496 eisdem
510 4442 664 4499 maioribus
690 4449 782 4497 natos.
816 4441 852 4496 ef.
879 4442 1006 4511 Klenze,
1033 4444 1080 4501 die
1102 4443 1252 4518 Cognaten
1272 4444 1331 4501 und
1350 4441 1465 4501 Affineu
1490 4443 1518 4518 iu

373 4516 499 4590 Savigny
518 4516 684 4573 zeitschrift
702 4517 752 4572 fiir
770 4516 936 4592 gesclriclrtl.
956 4518 1271 4577 Rechtsrrissensehalt.
1302 4520 1338 4577 B.
1359 4522 1387 4577 6.
1409 4519 1471 4577 llft.
1491 4521 1516 4578 1.

373 4611 399 4649 v.
413 4596 469 4650 673
488 4596 602 4667 proprie
626 4596 757 4652 uariante
781 4595 818 4650 V.
839 4597 866 4652 1.
883 4598 911 4650 2.
934 4595 969 4652 C.
984 4633 988 4644 .
1005 4601 1137 4673 propriae
1155 4596 1190 4653 L.
1217 4616 1272 4674 ego
1298 4598 1421 4656 correxi.

309 4698 314 4708 ·
372 4687 399 4726 v.
414 4669 471 4726 674
488 4674 588 4743 portes
608 4668 645 4725 V.
658 4675 685 4727 1.
704 4670 839 4745 portibus
858 4670 895 4728 V.
906 4674 935 4729 2.
955 4677 1061 4749 partis,
1081 4673 1134 4732 sed
1153 4692 1172 4732 a
1192 4692 1266 4733 corr.
1286 4693 1309 4733 e.
1330 4674 1367 4733 L.
1386 4705 1426 4719 -
1445 4672 1517 4735 dioi-

373 4749 414 4805 sit
433 4759 541 4803 omnes.
562 4761 635 4801 corr.
654 4744 732 4803 Seal.
1038 4801 1040 4807 ,
