3700 5609
624 554 627 559 ’
650 578 801 655 husai
842 592 1095 665 aeos-,4154

339 754 406 821 Per
426 755 486 822 tria
507 754 665 825 subducto
687 756 832 845 signatur
851 755 972 824 lumina
993 756 1103 840 vultu3

339 864 416 933 Non
439 865 526 955 quod
548 865 634 933 clara
656 867 771 947 minus,
793 866 851 934 sed
875 868 962 957 quod
982 868 1084 959 magis
1108 867 1171 938 alta
1191 867 1352 938 recedant.

286 993 327 1034 ³⁹⁶
341 975 414 1041 Hoc
437 976 520 1042 duce
540 999 598 1065 per
619 985 721 1042 totum
745 977 917 1044 decurrunt
939 978 1043 1045 sidera
1065 979 1229 1046 mundum.

339 1084 553 1175 Subsequitur
573 1086 684 1175 rapido
707 1094 858 1152 contenta
881 1088 1036 1156 Canicula
1058 1111 1164 1169 cursu,

340 1196 415 1280 Qua
435 1194 561 1263 nullum
581 1198 673 1263 terris
695 1196 865 1265 violentius
889 1198 1019 1296 advenit
1039 1207 1161 1265 astrum

338 1307 411 1375 Nec
432 1306 560 1395 gravius
584 1305 681 1389 cedit3
703 1331 818 1376 vecors
841 1308 917 1374 dum
939 1311 1057 1398 frigore
1079 1309 1190 1397 surgit,

338 1417 388 1483 Ac
407 1438 548 1483 vacuum
568 1414 644 1482 solis
665 1416 842 1505 fulgentem
866 1420 984 1486 deserit
1004 1418 1130 1499 orbem;

285 1546 327 1586 ⁴0⁰
340 1528 396 1595 Sic
416 1528 449 1592 in
471 1535 642 1616 utrumque
664 1537 775 1594 movet
796 1528 952 1595 mundum
974 1538 1008 1596 et
1028 1531 1187 1596 contraria
1209 1527 1322 1598 reddit.

338 1636 435 1703 Hanc
455 1659 552 1727 quem
574 1647 759 1726 surgentem
780 1639 883 1729 primo
907 1661 981 1705 cum
1004 1640 1146 1707 redditur
1168 1649 1240 1708 ortu

336 1747 456 1815 Montis
474 1746 513 1813 ab
537 1746 667 1814 excelso
689 1748 896 1839 speculantur
917 1751 1038 1817 vertice
1060 1750 1169 1830 Tauri,

309 1927 315 1940 ,
337 1856 483 1924 Eventus
505 1858 633 1947 frugum
655 1859 762 1924 varios
786 1867 818 1924 et
839 1866 984 1945 tempora
1007 1857 1127 1941 dicunt,

338 1969 496 2058 Quaeque
518 1965 660 2034 valitudo
683 1969 801 2048 veniat,
823 1967 995 2033 concordia
1018 1977 1151 2057 quanta3

284 2097 325 2138 «ts
339 2076 431 2144 Bella
452 2077 537 2159 facit,
557 2099 737 2168 pacemque
759 2078 864 2158 refert,
886 2078 1038 2167 varieque
1061 2087 1235 2160 revertens,

336 2189 393 2256 Sic
414 2196 538 2268 movet,
565 2197 602 2253 ut
621 2188 699 2256 vidit
721 2186 890 2268 mundum,
918 2186 1073 2278 vultuque
1094 2187 1260 2277 gubernat.

336 2298 456 2389 Magna
476 2296 555 2365 fides
576 2296 756 2387 hocposse
779 2296 869 2364 color
890 2320 1067 2386 cursusque
1089 2298 1234 2364 micantis

336 2407 371 2476 ln
392 2408 514 2488 radios:
534 2410 592 2474 vix
612 2407 681 2474 sole
702 2409 815 2489 minor,
837 2408 897 2474 nisi
919 2406 1005 2497 quod
1027 2406 1141 2496 procul
1161 2406 1297 2476 haerens

336 2521 363 2588 F
365 2519 466 2609 rigida
489 2516 639 2586 caenrlco
660 2526 852 2608 contorquet
870 2515 993 2582 lumina
1014 2517 1114 2585 vultu.

286 2650 328 2690 ⁴1⁰
341 2631 459 2698 Cetera
481 2629 654 2696 vincuntur
673 2629 791 2717 specie,
813 2648 874 2692 nec
896 2625 1012 2693 clarius
1035 2637 1156 2694 astrum

337 2740 510 2829 Tinguitur
531 2760 665 2819 oceano,
688 2736 854 2804 caelumve
875 2738 987 2804 revisit
1008 2737 1047 2805 ab
1068 2738 1171 2805 undis.

337 2850 432 2919 Tunc
452 2849 602 2937 Procyon
623 2846 784 2936 veloxque
805 2845 930 2937 Lepus3
952 2856 1021 2913 tum
1042 2847 1155 2914 nobilis
1177 2848 1277 2937 Argo,

335 2959 370 3027 ln
392 2957 517 3026 caelum
537 2957 695 3024 subducta
715 2957 804 3037 mari,
827 2957 913 3046 quod
935 2958 1036 3046 prima
1059 2958 1207 3037 cucurrit,

335 3070 513 3138 Emeritam
541 3070 666 3160 magnis
693 3066 848 3133 mundum
876 3076 966 3133 tenet
993 3076 1064 3133 acta
1091 3065 1233 3157 periclis3

285 3198 326 3239 ⁴1⁵
339 3178 507 3248 Servando
530 3179 590 3246 dea
612 3180 695 3245 facta
719 3175 806 3243 deos.
854 3176 916 3244 Cui
943 3178 1108 3268 proximus
1131 3177 1253 3266 Anguis

270 3439 305 3498 A.
330 3455 358 3495 ν.
372 3441 429 3497 398
448 3457 507 3495 non
524 3438 644 3495 horrens
720 3454 747 3493 r.
758 3438 814 3495 399
834 3435 898 3493 Nec
974 3453 1002 3493 r.
1015 3435 1070 3495 401
1091 3436 1129 3493 Η.
1151 3438 1200 3513 qui
1281 3456 1307 3496 v.
1320 3437 1378 3497 412
1398 3438 1477 3502 Tum

328 3546 368 3557 -
388 3522 418 3572 et
436 3533 462 3572 v.
475 3514 533 3573 414
551 3513 686 3593 procellis

270 3643 303 3700 S.
330 3660 357 3699 v.
371 3645 428 3701 393
446 3641 602 3700 subductos
621 3671 660 3683 —-
678 3640 771 3697 vultus
834 3659 860 3698 v.
874 3643 932 3700 398
949 3659 1003 3698 nec
1022 3640 1140 3699 horrens
1204 3659 1230 3699 v.
1244 3644 1300 3701 399
1319 3642 1383 3700 Nec
1395 3673 1434 3686 --
1446 3650 1476 3701 ct

328 3727 397 3797 post
411 3719 469 3777 400
485 3718 616 3776 collocat.
674 3736 702 3775 v.
710 3717 765 3775 401
782 3717 817 3774 H.
839 3718 888 3795 qui
965 3736 990 3774 v.
1004 3718 1061 3775 412
1082 3719 1157 3775 Tum

270 3826 307 3903 Β.
328 3863 356 3903 v.
371 3848 427 3905 395
469 3864 502 3903 er
519 3847 627 3903 notium
722 3860 748 3901 r.
763 3844 935 3903 398-400
959 3844 1076 3901 inducit.
1172 3862 1199 3900 r.
1213 3843 1268 3902 401
1291 3844 1327 3901 H.
1349 3845 1399 3919 qui
1461 3875 1463 3882 ·

330 3940 355 3980 v.
369 3923 427 3981 403
446 3865 603 3980 laurentus
613 3953 651 3963 —
663 3920 779 3981 discunt
856 3940 882 3978 r.
896 3922 953 3979 414
971 3921 1098 3977 Emerita
1118 3929 1147 3978 et
1157 3940 1194 3978 m.
1210 3920 1326 3978 tandem
1339 3919 1475 3979 defuncta

269 4050 308 4109 V.
328 4069 355 4108 v.
369 4053 427 4111 398
446 4067 496 4108 ooo
515 4048 631 4107 ltorridu
650 4051 685 4107 L.
698 4050 735 4107 G.
750 4048 783 4107 C.
805 4068 853 4107 aec
872 4048 991 4107 lordum
1010 4049 1047 4107 V.
1061 4053 1086 4106 1.
1099 4053 1127 4108 2.
1149 4050 1223 4105 Hinc
1243 4049 1353 4107 correxi
1372 4066 1475 4106 uecors

328 4126 405 4186 dama.
434 4128 527 4184 saevit
546 4126 585 4183 G.
605 4136 705 4203 aperte
725 4125 922 4204 interpolatus.
1005 4144 1031 4181 v.
1045 4129 1101 4185 399
1123 4130 1200 4183 Horo
1221 4142 1329 4192 omnes,
1350 4125 1417 4199 quia
1436 4124 1475 4181 ad

330 4204 511 4281 Cassiepiam
529 4221 572 4261 rs.
589 4206 776 4261 referebatur.
816 4204 860 4259 Aa
879 4220 933 4277 ego
954 4204 1065 4279 scripsi.
1104 4203 1203 4276 Surgit
1227 4199 1357 4258 canicula
1375 4218 1474 4260 vecors

327 4281 365 4338 fri
386 4299 436 4337 ore
456 4311 494 4321 ·-
514 4289 662 4355 argutatur
680 4282 709 4336 in
729 4298 815 4348 cane,
839 4297 897 4335 non
916 4296 987 4356 prae
1006 4286 1101 4345 aestu,
1130 4278 1182 4335 sed
1207 4294 1278 4354 prae
1299 4276 1406 4352 frigore
1425 4296 1473 4336 ra·

329 4298 407 4414 bida.
438 4356 623 4431 similiterque
649 4359 746 4414 orbern
772 4355 878 4414 deserit
902 4355 1059 4429 fulgentem
1088 4353 1217 4429 quidem,
1247 4352 1301 4410 sed
1325 4354 1403 4411 velut
1424 4372 1473 4411 ra·

329 4452 414 4490 cumn
439 4433 508 4490 solis
534 4451 605 4511 prae
629 4433 747 4508 frigore.
792 4435 916 4505 Surgere
940 4449 997 4487 non
1028 4437 1122 4487 ortum
1146 4432 1267 4504 primum
1296 4439 1389 4499 notat,
1421 4430 1475 4488 sed

328 4508 470 4576 diurnum,
490 4519 521 4565 ut
541 4528 581 4567 vs.
595 4509 646 4567 401
671 4519 761 4566 totum
780 4528 834 4587 per
854 4508 929 4565 diem
950 4511 985 4564 ab
1007 4515 1069 4564 ortu
1090 4505 1128 4563 ad
1145 4524 1278 4563 occasum
1290 4507 1474 4583 frigoresae·

328 4586 369 4642 vit
387 4584 532 4644 occidens.
630 4604 656 4643 v.
670 4586 724 4643 401
748 4587 830 4643 Hauc
850 4587 901 4659 qui
921 4585 958 4641 G.
979 4600 1065 4659 quoru
1085 4583 1187 4652 ceteri;
1207 4591 1299 4650 recte,
1319 4601 1404 4659 quamn
1423 4591 1475 4651 est,

267 4723 271 4728 ,
330 4660 457 4737 qualem
477 4662 616 4720 omittitur
634 4665 663 4720 in
682 4662 812 4739 apodosi
832 4663 876 4717 ito
888 4660 1019 4737 exemplo
1036 4657 1114 4724 haud
1128 4676 1209 4716 raro:
1230 4659 1344 4735 qualem
1354 4677 1474 4737 surgen·

328 4748 388 4795 tem
407 4736 513 4807 vident,
532 4740 573 4798 ita
592 4738 771 4816 praedicunt.
832 4756 856 4794 v.
870 4736 926 4794 403
947 4736 1051 4803 domat
1069 4734 1106 4794 G.
1166 4755 1192 4795 v.
1206 4734 1262 4797 407
1273 4734 1344 4797 turo
1359 4736 1396 4795 V.
1408 4741 1435 4800 1·
1446 4738 1476 4792 2.
