3700 5609
658 588 764 659 Lmen
785 590 820 661 ll.
863 619 893 660 v.
918 600 1114 665 543-563,

346 758 381 827 ln
403 771 511 853 partes
534 764 633 831 Tauri
654 763 712 831 sub
735 765 862 832 Cancro
885 777 961 835 nata
983 770 1128 835 feruntur

347 873 495 956 Pectora,
518 885 550 943 et
570 876 603 942 in
625 875 744 958 Chelis,
767 886 799 943 et
823 900 904 966 quae
924 879 979 945 dat
1001 878 1155 968 Scorpius
1178 901 1261 961 acer,

295 1001 335 1041 ⁵⁴⁵
348 982 391 1050 Et
412 983 534 1051 Pisces.
577 995 610 1051 at
632 1008 712 1075 quos
736 986 945 1053 Geminorum
969 990 1072 1057 sidera
1094 990 1242 1070 ionnant,

348 1092 407 1159 His
429 1115 504 1160 cum
525 1092 685 1186 Lanigero
709 1095 828 1162 bellum
851 1107 900 1163 est
921 1101 1054 1188 eiusque
1076 1099 1211 1187 trigono.

348 1202 384 1270 ln
405 1204 532 1272 Cancro
555 1207 680 1295 genitos
703 1207 891 1296 Capricorni
914 1210 1031 1274 femina
1053 1207 1194 1288 laedunt,

349 1313 393 1380 Et
413 1312 529 1382 Librae
551 1325 661 1406 partus
681 1327 717 1383 et
738 1339 818 1407 quos
840 1316 895 1381 dat
916 1317 1057 1407 Virginis
1080 1328 1210 1398 astrum,

350 1424 478 1516 Quique
501 1425 560 1491 sub
582 1427 687 1492 aversi
707 1437 916 1493 numerantur
938 1428 1043 1495 sidere
1064 1428 1172 1495 Tauri.

297 1533 501 1625 ⁵⁵⁰Lanigeri
522 1538 700 1603 communis
723 1537 781 1603 erit
802 1534 967 1627 rabidique
988 1536 1107 1605 Leonis

346 1645 467 1712 Hostis.
509 1646 570 1713 sed
590 1646 723 1713 totidem
744 1646 863 1713 beilum
885 1646 1092 1714 subscribitur
1114 1649 1206 1715 astris

348 1755 524 1845 Erigonae;
547 1757 773 1847 Cancrumque
795 1758 895 1839 timet,
917 1767 984 1823 tum
1007 1759 1166 1847 Scorpion
1188 1779 1305 1837 acrem,

350 1865 557 1950 Centaurum,
580 1877 613 1934 et
634 1867 755 1948 Piscem
778 1876 810 1932 et
831 1875 872 1948 te,
896 1868 1103 1957 Capricome,
1124 1870 1290 1957 rigentem.

347 1974 489 2044 Maxima
510 1977 602 2044 turba
622 1978 704 2067 petit
722 1973 869 2059 Libram,
891 1976 1123 2066 Capricornus,
1146 1987 1177 2044 et
1196 1976 1242 2043 itti

296 2104 336 2146 ⁵5⁵
349 2086 514 2155 Adversus
536 2087 672 2169 Cancer,
694 2084 803 2152 Chelis
825 2086 912 2176 quod
935 2097 1106 2179 utrumque
1129 2089 1318 2179 quadratum
1341 2098 1399 2169 est,

351 2198 479 2287 Quique
499 2197 533 2263 in
553 2194 704 2287 Lanigeri
725 2206 934 2262 numerantur
956 2199 1046 2288 signa
1069 2199 1239 2289 trigonum.

352 2307 505 2398 Scorpios
526 2308 560 2374 in
583 2308 716 2374 totidem
737 2306 893 2373 fecundus
915 2306 1054 2374 creditur
1074 2306 1185 2387 hostis,

349 2418 556 2509 Aequoream
575 2418 737 2499 iuvenem,
760 2417 924 2497 Geminos,
946 2416 1089 2483 Taurum
1112 2426 1209 2507 atque
1229 2414 1384 2496 Leonem,
1419 2471 1424 2478 .

350 2528 534 2618 Erigonem,
557 2529 763 2620 Caprumque
786 2529 867 2618 fugit
887 2527 1079 2594 metuendus
1103 2527 1224 2616 etipse

299 2638 481 2729 surQuique
503 2639 655 2729 Sagittari
675 2640 808 2706 veniunt
831 2638 870 2705 de
892 2639 997 2704 sidere
1019 2647 1139 2728 partus,

348 2747 418 2815 Hos
442 2748 585 2815 Geminis
606 2750 681 2831 nati,
702 2748 863 2839 Libraque
886 2757 918 2815 ct
939 2749 1073 2837 Virgine
1097 2758 1129 2814 et
1150 2748 1241 2816 Urna

350 2857 558 2949 Depressisse
579 2859 694 2927 volunt
713 2869 827 2927 natura
849 2868 882 2925 et
901 2858 976 2947 lege
995 2857 1134 2925 iubente

350 2971 443 3039 Haec
465 2970 588 3052 eadem,
611 2970 817 3061 Capricome,
839 2970 900 3035 tuis
920 2969 1050 3036 inimica
1068 2970 1220 3035 feruntur.

285 3221 319 3279 Α.
344 3241 367 3278 v.
382 3222 438 3282 545
459 3229 545 3298 atque
564 3220 617 3277 hos
695 3238 720 3276 r.
735 3218 792 3278 547
812 3219 921 3279 semina
1006 3237 1032 3275 v.
1047 3219 1104 3278 552
1124 3218 1310 3295 Taurumque
1330 3247 1367 3308 '.
1387 3214 1489 3307 Cerui-

344 3300 442 3435 gibbi}
461 3299 605 3451 legbmffieb
622 3296 730 3431 gqiguqrp
743 3298 904 3432 iubebotebb9
924 3297 1098 3372 Libramque
1177 3314 1201 3352 v·
1216 3296 1273 3355 560
1292 3292 1452 3369 saglmsen

286 3505 319 3563 S.
345 3521 372 3576 r.
386 3504 444 3563 544
463 3504 601 3581 Scorpios
686 3520 710 3557 v.
724 3499 781 3559 547
801 3501 910 3558 semina
998 3519 1024 3555 v.
1040 3501 1095 3561 549
1117 3500 1230 3558 adversi
1310 3517 1336 3557 v.
1350 3498 1408 3559 552
1425 3496 1493 3554 Eri·

344 3599 427 3656 gone.
468 3580 655 3654 Taurumque
674 3609 713 3619 -
729 3578 941 3653 .Geminumque
1037 3596 1064 3633 v.
1078 3579 1135 3637 556
1156 3578 1297 3654 Quaeque
1395 3594 1420 3633 v.
1434 3573 1492 3634 559

343 3657 490 3733 Erigonen
508 3655 682 3731 Libramque
760 3673 786 3711 v.
800 3657 857 3712 562
876 3663 997 3712 naturae
1017 3654 1081 3729 lege

284 3783 322 3842 B.
344 3802 370 3840 v.
385 3781 441 3841 543
460 3784 492 3840 ln
511 3792 610 3862 partus
677 3795 723 3839 r.
737 3782 794 3840 547
814 3781 923 3839 semina
1008 3800 1033 3837 v.
1049 3783 1103 3839 551
1124 3781 1162 3837 H.
1184 3789 1213 3837 et
1232 3781 1261 3836 in
1280 3786 1416 3837 -astra

344 3878 372 3917 v.
386 3861 442 3919 552
461 3860 586 3936 Erigone
607 3860 808 3935 Cancrumque
829 3890 867 3898 —
888 3859 1097 3934 Geminumque
1194 3876 1220 3913 v.
1234 3857 1290 3916 556
1312 3856 1454 3931 Quaeque

345 3956 372 3993 v.
386 3936 443 3995 558
464 3937 501 3994 G.
521 3935 709 4011 rabidumque
729 3936 855 3992 Leonem
953 3954 979 3991 v.
994 3936 1049 3992 559
1069 3934 1214 4010 Erigonen
1232 3932 1406 4008 Libramque

345 4032 372 4071 v.
386 4016 443 4071 562
462 4021 581 4071 naturae
602 4022 631 4070 et
649 4013 714 4087 lege

286 4140 325 4199 V.
345 4160 372 4199 v.
387 4140 442 4199 545
463 4147 547 4216 atqua
566 4143 750 4199 -Garuiuorum
768 4140 804 4196 L.
830 4146 913 4214 atqua
927 4137 978 4195 bos
998 4138 1034 4196 V.
1052 4142 1078 4194 1.
1096 4142 1123 4194 2.
1147 4137 1182 4195 C.
1206 4155 1279 4193 corr.
1300 4135 1378 4193 Scal.

346 4236 373 4275 v.
388 4217 445 4277 547
464 4216 574 4289 femora
592 4218 629 4275 V.
642 4222 707 4275 1.2.
728 4216 835 4289 {carina
854 4216 889 4272 L.
981 4233 1007 4271 v.
1023 4213 1078 4274 549
1099 4212 1215 4272 aduerat
1234 4230 1342 4271 omnes.
1363 4231 1436 4270 corr.
1456 4210 1494 4271 B.

347 4313 373 4351 r.
388 4296 445 4352 552
465 4296 588 4369 Erigone
611 4297 791 4369 Taurumque
810 4296 890 4349 timet
907 4289 1157 4367 paninumquasub
1171 4307 1238 4348 arou
1252 4308 1360 4347 omnes.
1373 4308 1446 4347 corr.
1456 4288 1494 4348 B.

347 4378 378 4429 et
397 4388 461 4445 ego.
487 4369 525 4426 cf.
549 4370 742 4447 Diagramma.
780 4386 952 4445 quamquam
975 4367 1099 4424 fortasse
1124 4366 1234 4435 multis,
1266 4366 1315 4442 qui
1340 4364 1496 4443 Pingreum

347 4446 475 4520 audiant,
494 4447 577 4503 nimis
598 4446 693 4503 audax
712 4445 839 4503 videbor.
918 4463 943 4501 v.
958 4446 1014 4503 559
1036 4447 1184 4519 Erigonem
1197 4462 1305 4501 omues.
1324 4442 1497 4520 librumque

348 4542 457 4580 omnes.
485 4522 549 4599 Ego
571 4524 690 4580 correxi.
727 4522 815 4578 Libra
841 4521 915 4577 enim
942 4528 1019 4579 amat
1037 4520 1180 4593 Scorpion
1205 4519 1242 4577 cf.
1263 4523 1329 4578 502.
1350 4517 1412 4576 odit
1426 4538 1495 4578 uero

351 4599 559 4678 Capricornum
580 4600 717 4678 Scorpios
744 4598 781 4655 cf.
802 4616 828 4654 v.
840 4599 906 4655 563.
1021 4615 1047 4653 v.
1062 4600 1118 4655 560
1138 4596 1299 4674 Sagittiferi
1318 4596 1355 4653 V.
1368 4600 1395 4655 1.
1409 4599 1438 4655 2.
1459 4594 1494 4652 C.

350 4677 491 4751 Sagittari
508 4676 544 4733 L.
565 4675 618 4734 sed
638 4694 656 4732 a
675 4695 747 4733 corr.
769 4671 938 4750 Sagittiferi.
1018 4693 1042 4729 v.
1057 4677 1114 4733 562
1133 4673 1216 4750 tapam
1234 4681 1261 4731 at
1278 4681 1388 4732 notiora
1402 4670 1495 4730 iuben·

348 4758 404 4810 tm
421 4749 460 4810 V.
476 4756 505 4810 1.
517 4756 547 4812 2.
568 4751 603 4811 C.
624 4757 730 4811 natura
749 4758 775 4810 et
794 4750 879 4826 tapam
897 4752 996 4823 (erasa
1015 4752 1056 4823 m)
1074 4748 1211 4810 iubentem
1231 4747 1413 4828 (inductam)
1429 4745 1467 4808 L.
