3700 5609
695 591 801 664 Lrurs
823 592 863 661 V.
906 618 937 660 v.
961 599 1175 662 423-439.·

391 768 456 849 Sic,
477 765 566 832 venit
588 787 630 832 ex
651 762 706 832 illo
728 764 879 854 quisquis,
901 763 1045 832 volitabit
1064 765 1097 832 in
1118 763 1220 845 undis,

389 876 486 943 Nunc
508 874 630 940 alterna
652 875 757 940 ferens
779 876 812 939 in
834 874 940 940 leutos
960 872 1089 942 brachia
1110 883 1214 941 tactus

338 1003 378 1043 ers
391 984 554 1074 Explausa
576 982 738 1050 resonabit
759 1008 852 1073 aqua,
873 1007 958 1050 nunc
981 1007 1121 1073 aequore
1141 1006 1263 1052 mersas

389 1092 531 1160 Diducet
551 1092 684 1183 palmas,
705 1094 839 1160 furtivus
861 1116 967 1161 remes
988 1094 1020 1161 in
1042 1095 1123 1190 ipset,

389 1203 485 1271 Nunc
507 1205 539 1270 iu
561 1226 659 1294 aquus
682 1213 789 1270 rectus
812 1204 929 1285 veniet,
950 1226 1146 1293 passumque
1167 1204 1297 1286 nutabit,

389 1312 431 1379 Et
452 1312 535 1379 vada
557 1315 706 1379 mentitus
727 1313 840 1380 reddet
861 1335 959 1402 super
981 1338 1121 1404 aequore
1146 1338 1306 1403 campum,

388 1423 454 1488 Aut
473 1426 605 1490 immoti
627 1425 732 1490 terens
752 1423 785 1489 iu
807 1431 917 1511 tergus
940 1424 1082 1491 membra
1104 1424 1252 1515 lutusque

338 1551 379 1589 ⁴³0
390 1533 465 1601 Non
489 1532 633 1599 onerabit
655 1555 765 1622 aquas,
786 1536 982 1622 summisque
1006 1536 1174 1601 accumbet
1194 1539 1226 1602 iu
1250 1534 1341 1602 undis

388 1642 609 1732 Pendebitque
629 1664 737 1730 super,
758 1651 881 1708 tuntum
903 1644 971 1708 sine
993 1646 1114 1734 remige
1133 1644 1251 1713 velum.

389 1749 452 1817 lllis
473 1754 505 1818 in
526 1761 626 1841 ponto
647 1750 822 1819 iucundum
845 1761 894 1817 est
915 1775 1069 1841 quaerere
1090 1764 1235 1843 pontum,
1297 1839 1302 1851 Ι

390 1864 599 1953 Corporuque
621 1862 816 1951 immergunt
836 1861 940 1943 undis,
961 1863 1130 1953 ipsumque
1153 1863 1211 1930 sub
1234 1866 1332 1931 antris
1386 1899 1388 1904 ·

388 1974 497 2041 Nerea
518 1982 551 2039 et
573 1994 750 2062 aequoreas
772 1981 929 2038 conantur
950 1974 1054 2040 visere
1076 1972 1260 2063 Nymphas;

288 2118 290 2121 -
337 2084 633 2173 rssExportuntque
654 2081 750 2148 maris
771 2081 907 2170 praedas
932 2093 964 2149 et
987 2093 1076 2174 raptu
1098 2084 1257 2175 profundo

386 2194 571 2281 Naufragia,
592 2202 689 2281 atque
710 2191 791 2257 imas
814 2192 897 2258 avidi
919 2203 1101 2261 scrutantur
1122 2216 1247 2262 arenas.

387 2303 452 2368 Par
473 2327 514 2368 ex
537 2302 662 2368 diverse
685 2301 840 2383 studium,
867 2312 900 2368 et
925 2304 1066 2370 sociatur
1090 2313 1262 2393 utrumque

387 2410 562 2501 Ingenium,
585 2420 680 2502 utque
699 2434 763 2477 uno
787 2411 946 2501 digestum
968 2414 1089 2480 semine
1110 2414 1221 2502 surgit.

388 2522 589 2590 Adnumeres
613 2523 707 2588 etium
729 2520 783 2588 itta
805 2521 881 2590 licet
901 2529 1038 2616 cognata
1058 2507 1116 2613 per
1139 2533 1241 2591 artem

319 2770 355 2823 A.
385 2784 409 2822 r.
423 2740 605 2838 4243333133
714 2782 739 2820 r.
753 2763 810 2822 425
828 2766 867 2822 Et
884 2765 998 2841 plausa·
1093 2784 1117 2821 v.
1131 2764 1188 2822 426
1212 2764 1344 2821 Deducet
1362 2796 1402 2808 ·-
1419 2765 1524 2822 furtivo

381 2861 475 2900 remus
570 2859 596 2895 v.
610 2842 667 2898 427
686 2841 852 2918 passimque
959 2861 984 2897 v.
997 2840 1055 2899 428
1075 2859 1202 2916 aequora
1299 2859 1324 2896 v.
1336 2840 1394 2898 429
1414 2849 1525 2918 tergum

380 2939 406 2976 v.
420 2919 474 2977 431
496 2923 585 2972 totum
605 2948 643 2957 -
662 2925 780 2993 pontum
859 2934 884 2971 v.
898 2916 955 2973 433
977 2915 1010 2972 C.
1033 2917 1080 2992 qui
1099 2935 1137 2972 m.
1217 2935 1241 2977 v.
1255 2915 1313 2973 437
1331 2915 1449 2973 Purs—
1463 2927 1523 2974 stu-

382 2997 431 3053 det
509 3011 534 3049 v.
547 2993 605 3050 438
624 2993 656 3049 13
676 3011 766 3067 genus
845 3011 868 3050 v.
882 2993 941 3052 439
959 2992 1005 3048 Ad
1023 3011 1156 3051 numeros
1178 3040 1185 3049 .
1488 3006 1498 3020 ⁸

319 3127 354 3183 S.
380 3144 405 3180 v.
420 3123 477 3180 424
497 3129 603 3178 tractus
712 3122 809 3178 cres
829 3120 867 3190 Et
885 3121 926 3198 pl.
948 3151 985 3162 -
1004 3139 1114 3190 mersus
1220 3137 1245 3175 v.
1259 3119 1316 3177 426
1335 3095 1469 3179 Deducet
1488 3156 1525 3165 -

380 3201 483 3257 furtivo
504 3218 597 3257 remus
675 3218 702 3254 v.
716 3198 773 3256 427
793 3199 957 3274 passimque
1035 3216 1060 3255 v.
1074 3199 1131 3256 428
1152 3214 1278 3272 aequora
1362 3218 1386 3257 v.
1400 3200 1523 3260 43113-

380 3287 426 3333 tus
444 3308 482 3316 —
502 3276 607 3332 Votum
627 3285 672 3333 est
749 3295 774 3331 v.
788 3277 844 3332 433
866 3276 934 3349 qui
992 3294 1016 3330 ν.
1031 3274 1088 3339 437
1108 3273 1203 3331 studet
1279 3293 1304 3332 v.
1320 3276 1376 3333 438
1391 3276 1423 3332 13
1433 3295 1524 3352 genus
1605 3288 1609 3294 '

381 3373 406 3411 v.
420 3353 476 3411 439
495 3352 541 3409 Ad
560 3372 693 3418 uumerus
712 3384 750 3392 -
770 3351 819 3410 ille
840 3352 895 3407 ciet

319 3485 358 3541 B.
383 3501 408 3539 v.
423 3480 480 3538 424
500 3481 555 3535 Hic
573 3511 612 3521 -
630 3486 738 3537 tractus
803 3498 829 3536 r.
843 3480 899 3538 425
920 3479 1006 3535 Nune
1069 3497 1094 3535 v.
1108 3479 1164 3535 426
1186 3498 1280 3537 remus
1338 3497 1364 3535 v.
1379 3479 1436 3538 427
1455 3498 1525 3558 pas·

380 3577 477 3692 quqqq
496 3634 549 3691 ΕΜ
567 3557 664 3711 {effi
679 3556 795 3710 gqtuuesre
893 3573 917 3612 r.
931 3555 983 3614 431
1008 3566 1084 3613 totus
1104 3587 1142 3600 --
1162 3565 1206 3613 est
1301 3575 1325 3613 v.
1340 3557 1397 3615 437
1422 3565 1452 3614 et
1471 3576 1525 3615 mn.

319 3764 359 3822 V.
380 3781 407 3820 v.
421 3762 479 3820 424
498 3766 573 3819 Hinc
592 3779 701 3818 omnes.
721 3791 759 3802 -
784 3768 895 3817 tructus
919 3761 1022 3829 ceteri3
1044 3760 1095 3816 sed
1121 3768 1215 3818 mortu
1239 3762 1274 3818 L.
1300 3762 1337 3817 V.
1353 3765 1381 3818 2.
1407 3761 1524 3818 alternis

380 3840 510 3896 manibus
531 3856 620 3911 aquas
642 3837 727 3893 veluti
747 3846 872 3914 captant.
913 3843 1023 3893 tractus
1043 3834 1130 3893 tentos
1155 3836 1291 3893 describit
1310 3856 1351 3895 vs.
1364 3837 1421 3894 425
1434 3845 1464 3893 et
1476 3840 1524 3893 26.

381 3933 408 3969 v.
423 3913 479 3969 425
498 3917 535 3969 Et
553 3911 593 3986 pt.
615 3929 722 3967 omnes.
742 3909 805 3985 Ego
826 3914 945 3969 correxi.
970 3911 1150 3970 Alternarum
1169 3929 1303 3969 manuum
1322 3922 1400 3969 tactu
1422 3911 1524 3985 (1133-

382 3988 540 4065 sergrcifen
560 4007 613 4043 nos
634 3987 772 4059 dicimus)
793 4006 868 4062 aqua
887 3996 1003 4044 resonat
1023 3985 1170 4064 explausa.
1196 4021 1233 4029 -
1256 4006 1364 4047 mersas
1383 3987 1419 4044 V.
1440 3992 1468 4045 2.
1489 3989 1525 4045 L.

380 4087 407 4124 v.
422 4068 478 4124 426
500 4062 621 4122 nedum
634 4065 742 4133 ·ceteri;
764 4066 875 4122 Dieutet
893 4064 930 4122 V.
944 4069 977 4120 2.
995 4082 1067 4120 corr.
1080 4064 1116 4122 B.
1136 4096 1175 4108 -
1194 4064 1303 4136 furtivo
1323 4080 1431 4122 omnes.
1452 4082 1524 4123 corr.
1564 4093 1567 4097 ·

379 4144 416 4202 Β.
438 4145 523 4201 remis
543 4159 652 4198 ornnes.
671 4139 735 4215 Ego
756 4142 875 4198 correxi.
956 4160 978 4196 v.
994 4141 1051 4200 427
1068 4144 1230 4217 passimque
1239 4142 1315 4202 V.1.
1338 4142 1373 4197 C.
1393 4158 1525 4216 pumunt-

381 4240 431 4296 333
449 4221 485 4280 L.
504 4218 540 4278 V.
552 4221 581 4275 2.
602 4226 695 4287 recte;
714 4236 766 4274 nos
786 4218 920 4274 dicimus:
947 4218 1167 4282 Wassertrcteu.
1284 4237 1309 4278 v.
1324 4218 1382 4276 428
1401 4235 1527 4292 aequora

304 4321 309 4328 ·
381 4315 490 4358 omues.
510 4314 583 4351 corr.
604 4294 640 4352 Β.
719 4313 745 4349 v.
760 4294 816 4352 429
838 4302 934 4368 terque
953 4295 990 4350 V.
1001 4299 1029 4351 2.
1049 4294 1084 4352 L.
1105 4292 1235 4369 latusque
1253 4313 1353 4352 omnes
1429 4311 1456 4349 v.
1469 4294 1525 4353 431

381 4380 470 4431 totum
490 4390 599 4430 omnes.
619 4370 673 4427 sed
692 4378 785 4428 tutum
807 4372 843 4427 G.
864 4378 957 4429 ectum
977 4377 1019 4428 ert
1039 4389 1147 4432 ornnes.
1169 4390 1242 4428 corr.
1258 4369 1336 4429 Scal.
1356 4369 1393 4428 B.
1413 4378 1443 4429 et
1462 4389 1526 4447 ego.

381 4470 407 4508 v.
421 4453 478 4509 433
498 4452 546 4524 qui
563 4465 648 4521 merq-
669 4465 782 4516 omnes;
802 4450 881 4516 (uam
903 4449 988 4505 etiam
1008 4448 1044 4506 V.
1056 4452 1084 4506 2.
1104 4448 1145 4504 itu
1163 4446 1279 4519 haben)
1300 4467 1374 4508 corr.
1393 4448 1430 4506 B.

333 4591 335 4596 ¹
380 4546 406 4583 v.
420 4527 477 4585 437
497 4530 582 4586 Pare·
593 4543 700 4588 ornnes.
722 4543 795 4581 corr.
811 4524 890 4582 Scal.
909 4526 947 4566 ·ss
966 4523 1060 4584 studet
1071 4531 1097 4582 et
1111 4524 1147 4582 V.
1160 4528 1194 4581 1.
1205 4522 1240 4581 C.
1255 4524 1291 4584 1..
1311 4524 1379 4597 (sed
1399 4544 1417 4582 a
1437 4543 1525 4593 ουτω

380 4604 483 4670 suerat,
503 4600 623 4670 studuit)
642 4600 765 4659 studium
785 4600 855 4675 (om.
876 4602 914 4672 et)
936 4602 972 4659 V.
983 4606 1012 4659 2.
1033 4620 1105 4658 corr.
1126 4600 1162 4656 Β.
1270 4601 1365 4659 ctsss
1384 4606 1526 4675 1393333

382 4679 421 4735 V.
432 4683 459 4736 1.
469 4683 497 4736 2.
514 4677 549 4733 C.
568 4680 731 4752 1393331333
742 4678 778 4737 L.
799 4678 863 4755 Ego
884 4680 1004 4738 correxi.
1085 4696 1109 4735 v.
1124 4677 1180 4737 439
1199 4675 1248 4738 At
1266 4695 1399 4738 numeror
1418 4693 1527 4734 ornnes.

382 4752 719 4814 comumuaomes.
765 4765 780 4798 ¹-
872 4799 875 4810 .
986 4791 989 4798 ·
1027 4791 1031 4800 -
