3700 5609
321 566 365 634 88
713 557 820 629 Lutra
840 556 875 627 ll.
919 583 951 626 v.
973 563 1167 626 953-970.

386 736 448 803 Hic
470 735 567 802 etiarn
587 735 657 822 ipse
680 705 747 800 dies¹
769 732 904 799 moritur
920 741 1087 821 terrasque
1108 753 1168 821 per
1188 727 1301 797 orbern

386 845 538 935 Subripit,
560 853 593 911 et
614 845 717 912 noctis
740 851 871 931 captum
893 841 953 909 sub
975 865 1105 909 carcere
1127 840 1255 908 claudit.

337 974 376 1015 0⁵⁵
389 955 461 1024 Nec
482 978 547 1022 non
570 963 604 1021 et
624 954 697 1021 [idei
719 953 853 1021 tutelam
875 951 1016 1019 vindicat
1036 954 1149 1043 ipsam,

387 1065 532 1131 Pectoris
556 1075 588 1132 et
609 1065 745 1154 pondus.
789 1072 877 1130 tanta
899 1064 1002 1129 estin
1025 1063 1101 1130 sede
1123 1071 1279 1154 potestas,

388 1176 482 1260 Quae
504 1183 601 1242 vocat
622 1185 656 1242 et
677 1173 786 1240 condit
806 1172 985 1256 Phoebum,
1007 1175 1184 1264 recipitque
1206 1172 1379 1263 refertque,

386 1287 663 1375 Consummatque
685 1284 778 1351 diem.
822 1282 894 1349 Tali
916 1283 976 1350 sub
997 1282 1070 1374 lege
1090 1282 1252 1352 notandae

387 1394 599 1485 Templorum
621 1393 676 1461 tibi
698 1401 772 1460 sunt
792 1393 887 1474 vires,
910 1416 994 1485 quae
1015 1395 1163 1485 pervolat
1184 1396 1287 1461 omnis

335 1506 557 1572 oarAstrorurn
580 1505 689 1586 series,
712 1504 863 1593 ducitque
886 1513 918 1569 et
940 1505 1125 1572 commodat
1145 1504 1207 1571 illie

384 1615 458 1706 lpsa
480 1638 555 1681 suas
577 1613 677 1703 leges,
698 1612 876 1704 stellaeque
899 1638 941 1681 ex
963 1615 1078 1682 ordine'
1096 1624 1196 1696 certo,

263 1721 265 1726 ’
385 1727 430 1795 Ut
451 1736 564 1793 natura
587 1728 669 1807 sinit,
691 1725 828 1792 lustrant
848 1725 1019 1815 variasque
1040 1724 1188 1799 locorum

384 1837 535 1904 Elliciunt
556 1838 651 1918 vires,
672 1845 837 1926 utcunque
858 1834 963 1903 aliena
985 1845 1160 1926 capessunt

385 1947 510 2037 Regna,
533 1949 618 2015 etin
641 1948 781 2013 externis
804 1946 973 2013 subsidunt
993 1945 1120 2037 hospita
1142 1950 1263 2016 castris.

336 2078 375 2118 oss
388 2059 479 2125 Haec
501 2055 578 2124 mihi
599 2055 656 2122 sub
680 2066 767 2122 certa
790 2056 954 2122 stellarum
976 2066 1067 2145 parte
1090 2067 1260 2142 canentur3

385 2170 481 2237 Nunc
504 2168 580 2234 satis
604 2177 661 2249 est,
683 2166 764 2233 caeli
786 2175 893 2255 partes
916 2166 1090 2258 titulosque
1112 2178 1254 2251 notasse,

385 2278 592 2369 Effectusque
611 2278 676 2347 loci
696 2301 755 2369 per
777 2300 814 2344 se
836 2277 1001 2368 cuiusque,
1024 2258 1177 2368 deosque.
1274 2330 1277 2336 -

387 2391 449 2457 Cui
470 2392 553 2481 parti
575 2413 694 2457 nornen
715 2389 833 2479 posuit,
856 2388 910 2477 qui
933 2386 1074 2453 condidit
1090 2398 1201 2469 artem,

387 2502 575 2589 Octotopos,
597 2522 656 2588 per
679 2498 765 2589 quod
787 2496 900 2563 stellae
923 2497 1050 2565 diversa
1071 2498 1228 2583 volantes

335 2610 479 2694 otoQuos
500 2608 636 2675 reddant
656 2617 773 2691 motus,
795 2610 923 2700 proprio
948 2610 1037 2675 venit
1058 2608 1170 2676 ordine
1192 2634 1309 2678 rerum.

321 2824 355 2883 A.
377 2844 402 2881 r.
417 2827 474 2885 953
499 2825 574 2882 Hinc
669 2844 694 2881 r.
707 2826 765 2884 958
794 2825 1002 2901 Consurnitque
1101 2845 1126 2882 v.
1141 2829 1197 2885 959
1224 2826 1280 2883 cibi
1300 2860 1338 2869 --
1358 2847 1430 2905 quas

379 2922 405 2960 v.
426 2906 481 2963 961
502 2903 568 2980 Ipse
647 2922 672 2959 v.
687 2906 744 2962 968
765 2901 823 2971 Qui
843 2935 881 2942 -
901 2922 995 2960 arcein
1075 2922 1100 2960 v.
1115 2905 1171 2963 969
1193 2904 1379 2982 Octotropos
1392 2939 1429 2947 —
1444 2926 1513 2983 quos

322 3031 353 3088 S.
379 3035 476 3090 eata
497 3033 570 3087 Hinc
590 3064 628 3072 -
647 3040 799 3106 terraeque
878 3050 903 3087 v.
919 3034 976 3089 958
997 3032 1204 3107 Consurnitque
1282 3037 1378 3093 attae
1400 3053 1471 3109 quas

381 3128 405 3164 v.
421 3114 474 3167 961
499 3110 562 3186 lpse
642 3128 666 3165 v.
681 3113 737 3167 969
759 3128 830 3183 quos
851 3142 888 3148 -
909 3109 1036 3165 volentes
1115 3128 1139 3166 v.
1154 3114 1210 3168 970
1230 3110 1353 3184 reddent

321 3237 358 3293 B.
381 3256 405 3292 v.
421 3236 478 3327 954
487 3237 610 3368 dciaelurn
630 3239 682 3292 sub
772 3254 797 3292 v.
813 3239 869 3295 958
891 3236 1104 3313 Continuatque
1124 3269 1162 3278 -
1182 3248 1259 3296 sorte
1339 3257 1363 3296 v.
1379 3241 1436 3299 969
1458 3260 1525 3318 quos

380 3345 418 3355 ——
437 3333 466 3369 rn
519 3331 601 3370 versa

322 3444 359 3501 V.
381 3461 406 3498 v.
421 3443 477 3500 953
496 3443 571 3499 Hinc
592 3462 700 3499 ornnes.
722 3461 795 3497 corr.
816 3440 852 3498 B.
892 3441 963 3499 Dies
984 3451 1074 3499 terras
1095 3443 1194 3520 eripit,
1221 3451 1252 3500 ut
1276 3437 1355 3501 cerni
1375 3456 1526 3523 nequeant,

380 3538 433 3596 per
453 3528 544 3574 totum
564 3522 676 3588 orbern,
702 3538 824 3593 euinque
846 3521 944 3575 orbern
964 3521 1055 3576 noctis
1077 3537 1192 3577 carcere
1215 3520 1333 3577 claudit.
1434 3543 1459 3582 v.
1474 3528 1527 3584 958

385 3597 590 3669 Gorrsumutque
608 3596 645 3652 V.
660 3601 686 3654 1.
698 3601 726 3652 2.
750 3596 783 3651 C.
820 3598 1057 3672 Gonsrrmmutque
1075 3597 1110 3652 L.
1140 3596 1217 3654 Dum
1236 3606 1348 3655 noctem
1370 3598 1429 3658 diei
1449 3600 1528 3657 addit

381 3680 411 3730 et
429 3670 525 3729 XXIV
543 3672 629 3729 horas
651 3673 760 3750 explet,
785 3671 872 3730 fidem
898 3672 1110 3748 quodammodo
1131 3673 1222 3729 soluit.
1340 3693 1366 3734 v.
1380 3680 1437 3736 959
1457 3696 1528 3753 quaa

381 3767 580 3820 omnes;corr.
591 3749 627 3806 B.
650 3768 822 3827 quamquam
841 3752 914 3806 tueri
936 3751 1128 3807 accusativum
1147 3752 1265 3828 poteris.
1345 3770 1371 3809 v.
1383 3757 1438 3813 961
1461 3759 1528 3831 Ipsa

380 3836 497 3906 praeter
511 3826 549 3883 V.
560 3831 587 3883 1.
604 3846 712 3885 ornnes.
791 3845 816 3883 v.
831 3830 888 3884 968
910 3828 967 3897 Qui
982 3845 1090 3883 ornnes.
1106 3846 1179 3884 corr.
1191 3828 1270 3885 Scal.
1331 3848 1356 3887 v.
1367 3834 1425 3891 969
1442 3834 1526 3889 Octo-

381 3914 479 3980 tropoe
499 3924 607 3962 ornnes.
628 3925 701 3961 corr.
723 3904 801 3960 Scal.
822 3935 860 3943 —
881 3902 955 3979 quod
976 3922 1083 3960 ornnes.
1105 3913 1206 3961 neutro
1226 3923 1334 3980 genere
1355 3908 1527 3965 totarnhanc

380 3982 538 4038 doctrinam
559 3982 765 4059 complectitur.
797 3980 912 4038 doaso
932 3990 975 4038 est
996 3980 1073 4038 idern
1093 3981 1171 4056 quod
1187 3985 1222 4039 ‘tn
1239 3982 1369 4054 diversa,
1390 3993 1422 4041 ut
1440 3992 1526 4043 ueter-

381 4078 458 4130 nrnn,
477 4057 597 4116 sublime
616 4067 644 4116 et
664 4057 773 4114 infinita
792 4056 858 4113 alia.
