3700 5609
692 626 801 697 Lrssn·
820 621 842 694 l.
873 606 1129 693 'visan-»ssa

383 790 553 889 Temporis
577 801 617 866 et'
630 796 720 865 titulo
743 798 863 888 potitur
883 803 1034 885 metaque
1052 792 1189 861 volantis
1270 780 1274 786 ’

384 909 480 992 Solis,
503 918 535 976 et
557 917 718 976 extremos
741 908 888 997 designat
908 888 1049 973 feruidus
1073 916 1173 984 actus,

381 1020 425 1086 Et
446 1021 585 1110 quinque
605 1020 638 1084 in
660 1027 766 1108 partes
789 1015 945 1106 aquilonis
965 1015 1059 1081 distat
1081 1015 1120 1081 ab
1143 1012 1230 1080 orbe.

331 1149 372 1191 ⁵7⁶
386 1129 514 1196 Tertius
536 1130 568 1194 in
590 1127 695 1195 media
719 1125 830 1193 mundi
850 1128 982 1215 regione
1004 1124 1128 1192 locatus

382 1238 507 1329 Ingenti
527 1239 613 1328 spira
635 1246 738 1304 totum
760 1236 937 1325 praecingit
958 1234 1142 1324 Olympum,

385 1347 482 1413 Parte
504 1347 543 1414 ab
566 1357 702 1438 utraque
724 1347 835 1412 videns
858 1367 969 1427 axem3
992 1367 1056 1434 quo
1078 1344 1186 1411 limine
1210 1340 1362 1409 Phoebus

385 1455 560 1545 Componit
580 1457 709 1548 paribus
730 1456 872 1521 numeris
895 1464 1089 1546 noctemque
1111 1454 1270 1543 diemque,

384 1567 480 1634 Veris
505 1575 538 1633 et
557 1562 701 1633 autumni
722 1588 853 1632 currens
877 1588 936 1655 per
957 1575 1102 1656 tempora
1123 1565 1233 1643 mixta,

333 1694 375 1735 ⁵⁸⁰
388 1675 473 1743 Cum
494 1677 636 1744 medium
666 1676 792 1767 aequali
820 1675 982 1765 distinguit
1003 1676 1102 1742 limite
1124 1672 1259 1753 caelum,

385 1787 547 1872 Quattuor
574 1797 606 1854 et
633 1786 782 1876 gradibus
810 1809 868 1852 sua
892 1784 945 1851 iila
971 1785 1095 1851 reducit
1118 1783 1157 1848 ab
1180 1792 1280 1851 aestu.

384 1898 557 1964 Proximus
578 1897 664 1965 hunc
685 1897 768 1963 ultra
790 1895 941 1962 bnrmalis
962 1896 1092 1961 nomine
1115 1894 1247 1981 cingens

383 2006 504 2076 Ultima
526 2008 673 2097 designat
693 2004 842 2095 fulgentis
863 2004 983 2071 lumina
1006 2002 1092 2083 solis,

383 2114 535 2207 Inviaque
557 2116 684 2207 obliqua
706 2118 868 2183 radiorum
889 2136 1023 2180 munera
1045 2112 1174 2179 flamma

334 2245 373 2285 ⁵⁸⁵
386 2225 454 2292 Dat
474 2249 533 2315 per
552 2229 614 2293 iter
630 2228 795 2294 minimum
817 2225 928 2308 nobis3
951 2224 1009 2290 sed
1031 2222 1144 2289 linibus
1162 2221 1234 2303 illis,

385 2337 477 2423 Quos
498 2361 596 2427 super
616 2337 768 2418 incubuit,
789 2336 889 2425 longa
910 2343 997 2401 stant
1017 2343 1162 2422 tempora
1183 2331 1267 2413 luce,

385 2446 516 2540 Vixque
540 2448 606 2514 dies
630 2448 742 2514 transit
763 2449 955 2513 candentem
978 2451 1107 2512 extenta
1129 2464 1188 2532 per
1210 2448 1345 2508 aestum.

385 2557 507 2648 Bisque
527 2558 613 2625 iacet
633 2557 713 2624 binis
735 2564 915 2622 summotus
937 2554 1079 2645 partibus
1102 2554 1196 2621 orbis.

384 2667 476 2734 Unus
499 2668 538 2735 ab
560 2667 608 2733 his
635 2675 783 2757 superest
810 2673 956 2732 extremo
978 2667 1144 2755 proximus
1165 2666 1218 2731 axi

334 2795 376 2837 sur
389 2776 536 2843 Circulus
556 2778 730 2869 austrinus,
758 2778 811 2867 qui
833 2777 960 2865 stringit
981 2784 1013 2842 et
1034 2776 1159 2842 obsidet
1179 2774 1306 2841 Arctos.
1390 2817 1393 2824 ·

385 2885 448 2953 Hic
471 2910 599 2978 quoque
626 2885 804 2953 brumalem
825 2908 884 2975 per
904 2896 1013 2977 partes
1037 2887 1175 2976 quinque
1197 2866 1354 2975 relinquit,
1453 2879 1457 2886 ’

385 2996 429 3063 Et
450 3006 603 3087 quantum
626 3004 775 3063 anostra
796 2994 938 3063 sublimis
961 2996 1089 3062 cardine
1110 3016 1210 3083 gyrus

385 3105 502 3189 Distat,
523 3107 562 3173 ab
585 3107 721 3202 adverso
744 3106 932 3173 tantundem
953 3106 1119 3195 proximus
1140 3103 1194 3171 illi.

385 3217 441 3284 Sic
463 3215 519 3283 tibi
539 3239 599 3306 per
619 3217 714 3284 binas·
730 3228 844 3283 vertex
868 3240 886 3283 a
907 3217 1028 3284 vertice
1049 3223 1157 3305 partes

335 3325 530 3410 wsDivisus,
553 3326 670 3419 duplici
692 3350 818 3394 summa
837 3326 1015 3395 circumdat
1038 3324 1223 3416 Olympum,
1263 3330 1266 3334 ’

319 3551 356 3608 Α.
382 3569 409 3607 v.
423 3553 479 3610 576
500 3553 624 3631 sphaera
643 3583 682 3595 --
700 3552 842 3631 percingit
937 3570 964 3609 r.
978 3553 1036 3611 577
1060 3551 1167 3610 lumine
1264 3570 1290 3611 v.
1306 3555 1363 3613 585
1381 3554 1490 3633 pariter

380 3646 407 3687 v.
421 3632 478 3688 590
497 3629 663 3687 baustrinas

320 3755 354 3816 S.
378 3773 406 3813 r.
420 3758 477 3817 572
496 3766 658 3833 metamque
755 3776 780 3814 v.
797 3761 854 3816 582
878 3766 999 3834 tangens
1096 3777 1121 3816 v.
1136 3760 1192 3817 583
1217 3758 1352 3835 fugientis
1370 3787 1410 3803 ·—-
1430 3760 1528 3822 limina

379 3850 406 3890 v.
420 3833 478 3891 584
496 3833 652 3909 luridaque
726 3854 755 3916 jv.
770 3838 827 3893 590
847 3836 988 3892 austrinas

320 3957 358 4015 B.
379 3976 406 4016 r.
420 3962 478 4019 573
491 3959 618 4020 fervidus
634 3980 702 4019 ares
768 3962 1067 4036 numinenumine
1125 3979 1151 4018 v.
1164 3964 1221 4020 580
1234 3963 1290 4019 Hic
1345 3968 1440 4024 v.582
1454 3983 1527 4041 gau-

381 4035 453 4093 dens
519 4055 544 4095 v.
558 4039 615 4095 583
634 4038 769 4114 fugientis
789 4070 828 4079 -
847 4037 944 4094 limina
1004 4057 1030 4095 v.
1045 4039 1101 4096 584
1120 4038 1218 4096 invida
1238 4059 1301 4096 cum
1358 4060 1384 4099 v.
1397 4044 1454 4101 590
1474 4061 1526 4101 au·

320 4127 327 4137 ·
379 4112 484 4170 strinas
566 4131 592 4171 v.
606 4115 663 4172 594
683 4114 733 4172 Sic
752 4134 806 4194 per
823 4116 947 4171 tricenas

320 4239 359 4297 V.
380 4244 476 4299 nara
496 4249 578 4300 octus
598 4243 723 4321 explicat
743 4243 839 4300 Schol.
861 4243 895 4299 L.
921 4251 999 4300 recte
1024 4262 1078 4334 per
1101 4244 1172 4301 solis
1192 4263 1300 4302 correus.
1338 4266 1393 4303 vox
1416 4248 1526 4320 circen7

322 4331 324 4336 ’
381 4317 421 4373 sis
441 4326 494 4375 est.
573 4338 600 4376 v.
615 4323 671 4378 576
691 4337 775 4396 spero
795 4338 902 4376 omnes.
925 4330 1048 4376 correxit
1067 4320 1144 4378 Scal.
1223 4341 1248 4378 v.
1263 4325 1319 4382 577
1339 4323 1446 4382 tuncino
1464 4329 1526 4383 orn'-

372 4411 446 4464 ¹nes3
467 4413 540 4452 corr.
562 4395 639 4452 Scal.
660 4397 691 4453 it.
713 4397 819 4453 lantino
838 4414 878 4452 vs.
893 4399 950 4454 580
971 4397 1008 4452 G.
1029 4416 1082 4474 pro
1103 4396 1200 4454 limite.
1301 4419 1327 4458 v.
1342 4403 1399 4460 582
1417 4404 1529 4476 liuperto

379 4472 1142 4636 tritulatilluttltltliintttl?
1150 4474 1334 4628 bilin
1355 4478 1528 4631 diffidi

379 4623 523 4682 mrehnnt.
542 4653 546 4662 ·
620 4644 647 4683 v.
661 4626 719 4684 584
737 4623 840 4684 Iaoido
855 4625 934 4683 Scal.
953 4623 1116 4701 ingeniose!
1143 4628 1196 4685 sed
1214 4632 1295 4688 latoio
1314 4647 1433 4689 munero
1453 4640 1527 4700 sunt,

319 4707 334 4726 ·“
378 4717 455 4779 quae
475 4702 598 4779 obliquis
618 4702 707 4760 radiis
726 4704 774 4759 vix
792 4702 832 4760 ad
850 4720 903 4760 nos
918 4704 1097 4782 perveniunt.
1172 4722 1200 4764 r.
1213 4710 1272 4767 588
1291 4710 1402 4784 pariter
1415 4707 1453 4766 V.
1464 4710 1527 4768 1.2.

381 4792 407 4833 v.
421 4778 478 4837 590
502 4781 652 4839 ansuino·
675 4797 783 4840 omnes.
1421 4829 1424 4834 .
1456 4837 1459 4842 .
