3700 5609
707 622 870 694 hennil.
912 648 944 692 ν.
968 628 1158 694 toa--sro

338 812 379 853 ⁴⁰⁵
392 794 539 862 Vertitur
553 796 591 863 in
614 806 716 863 semet
737 794 848 878 oculis,
869 797 902 864 in
924 805 1036 863 mutua
1057 796 1194 864 tendunt

389 904 545 989 Auribus;
569 915 602 971 et
623 906 741 972 Cancn'
762 914 909 996 captatur
930 907 1090 995 Aquan'm
1112 914 1208 972 astro.

390 1017 434 1081 At
455 1012 522 1082 Leo
546 1039 620 1083 oum
643 1015 785 1082 Geminis
808 1017 911 1082 aciem
933 1017 1098 1105 coniungit
1120 1026 1152 1082 et
1174 1037 1283 1081 aurem

391 1127 556 1192 Centauro
580 1127 719 1217 gemino,
741 1127 931 1215 Capricorni
953 1123 1054 1214 diligit
1075 1135 1204 1192 astrum.

389 1234 530 1326 Erigone
553 1236 697 1303 Taurum
719 1244 852 1325 spectat,
876 1235 934 1300 sed
957 1236 1115 1324 Scorpion
1139 1235 1235 1315 audit,

338 1364 378 1403 510
391 1347 498 1436 Atque
519 1346 703 1436 Sagittifero
726 1356 862 1413 conatur
882 1353 1012 1412 nectere
1035 1346 1189 1414 fraudem.

390 1452 486 1523 Libra
510 1479 585 1522 suos
608 1457 751 1545 sequitur
773 1479 895 1537 sensus,
917 1454 1088 1545 solumque
1109 1456 1248 1524 videndo

390 1563 596 1655 Lanigerum,
618 1574 715 1656 atque
739 1567 847 1632 animo
870 1564 1042 1656 complexa
1064 1575 1113 1632 est
1134 1566 1293 1657 Scorpion
1314 1568 1404 1636 inira.

371 1672 447 1741 -ttte
467 1675 558 1743 videt
575 1675 688 1743 Pisces
711 1676 862 1766 auditque
884 1698 943 1765 per
966 1676 1072 1742 omnia
1092 1674 1233 1744 Libram.

389 1784 548 1853 Necnon
569 1787 760 1853 Arcitenens
780 1807 898 1875 magno
921 1808 1036 1876 parere
1059 1783 1162 1853 Leoni

337 1914 377 1954 ⁵⁰⁵
391 1896 538 1979 Auribus,
561 1906 657 1989 atque
680 1895 780 1963 oculis
803 1895 908 1962 sinum
929 1896 1090 1962 tundentis
1112 1894 1234 1985 Aquari

389 2007 586 2096 Conspiccre
608 2006 767 2089 adsuevit,
787 2004 954 2096 solmnque
977 2028 1019 2072 ex
1041 2005 1188 2074 omnibus
1207 2006 1302 2073 astris

388 2114 501 2207 Diligit
520 2115 705 2206 Erigonem.
750 2125 862 2184 contra
885 2116 1102 2206 Capricomus
1123 2117 1155 2182 in
1176 2116 1282 2205 ipsum

391 2224 560 2293 Convertit
580 2228 684 2310 visus3
706 2263 749 2274 -
771 2225 847 2316 quid
869 2227 953 2294 enim
976 2228 1140 2295 mirabitur
1160 2225 1213 2292 ille

389 2334 503 2418 Maiae,
523 2336 557 2404 in
579 2336 716 2426 Augusti
736 2335 813 2402 felix
835 2359 935 2426 quum
957 2335 1081 2403 fulserit
1102 2333 1233 2402 ortum?
1255 2371 1298 2384 ·-

335 2462 377 2502 510
389 2445 526 2513 Auribus
550 2456 582 2514 et
600 2449 716 2513 summi
739 2454 848 2535 captat
869 2446 994 2534 [astigia
1017 2446 1142 2513 Cancri.

388 2558 431 2622 At
451 2557 557 2625 nudus
580 2557 724 2623 Geminis
746 2554 882 2622 intendit
902 2554 1064 2645 Aquarius
1087 2580 1207 2641 aurem,

388 2666 631 2757 Subiimemquc
653 2666 730 2734 colit
751 2666 924 2746 Cancrum,
948 2675 1136 2757 spectatque
1158 2667 1291 2735 reducta

387 2775 468 2842 Tela
491 2776 675 2865 Sagittiferi.
718 2775 829 2842 Pisces
854 2774 894 2842 ad
916 2775 1076 2866 Scorpion
1099 2799 1208 2844 acrem

386 2884 546 2952 Direxere
569 2887 681 2967 aciem,
705 2886 901 2975 cupiuntque
923 2886 1087 2954 attendere
1110 2887 1262 2954 Taurum.

334 3014 375 3054 ⁵1⁵
388 2995 456 3062 Has
478 3004 593 3063 natura
613 2996 701 3064 vices
724 2994 840 3076 tribuit,
864 3017 963 3084 quum
984 2995 1090 3063 sidera
1111 2993 1189 3062 fixit.

386 3106 445 3172 His
469 3106 528 3171 orti
550 3105 669 3176 similes
692 3108 834 3172 referunt
854 3127 913 3195 per
934 3114 1047 3172 mutua
1066 3127 1191 3186 sensus,

387 3216 508 3283 Audire
530 3225 566 3281 ut
587 3216 717 3306 cupiant
739 3214 828 3297 alios,
851 3214 996 3309 aliosque
1016 3214 1136 3297 videre,

386 3325 513 3393 Horum
535 3324 619 3408 odio,
640 3348 727 3392 nunc
749 3326 865 3393 horum
885 3325 972 3392 idem
994 3326 1151 3392 ducantur
1173 3349 1292 3409 amore,

387 3434 450 3503 litis
471 3434 600 3505 insidias
623 3437 765 3520 tendant,
787 3445 955 3530 captentur
977 3435 1106 3503 abillis.

318 3707 355 3765 A.
377 3726 403 3763 r.
418 3706 474 3765 495
495 3707 669 3784 immotaque
690 3707 781 3763 tendit
876 3726 902 3764 v.
917 3706 975 3766 498
996 3707 1170 3764 Centaurus:
1198 3708 1335 3765 Geminos
1430 3728 1455 3766 r.
1470 3676 1528 3768 507

320 3857 324 3864 ¹
381 3784 474 3866 ipsam
551 3804 575 3842 r.
590 3788 646 3844 509
668 3803 742 3862 qnae
819 3802 844 3841 r.
859 3787 913 3842 511
936 3785 973 3840 Et
1026 3803 1074 3860 vv.
1088 3788 1145 3842 517
1166 3784 1238 3840 Cum
1261 3786 1377 3862 cupiant
1396 3785 1497 3842 audire

378 3880 406 3921 v.
420 3863 478 3919 518
498 3859 640 3919 ducuntur
716 3880 743 3917 v.
758 3863 814 3919 519
833 3861 956 3919 tendunt
973 3892 1011 3901 -
1032 3868 1183 3937 captantur

321 4015 355 4082 S.
380 4033 408 4071 r.
422 4014 480 4077 495
498 4014 591 4078 tendit
675 4033 715 4081 ¹v.
728 4014 785 4074 496
806 4023 836 4072 at
932 4014 1025 4072 1498
1046 4013 1183 4072 Geminos
1279 4031 1307 4072 r.
1320 4016 1378 4071 502
1396 4013 1471 4072 intra
1489 4071 1492 4078 ,
1509 4025 1525 4078 ,-’

379 4110 406 4151 r.
421 4093 477 4152 505
498 4092 611 4167 signum
686 4110 713 4151 r.
728 4095 785 4151 507
803 4089 950 4166 Erigonen
1036 4109 1063 4147 v.
1078 4092 1135 4148 510
1155 4098 1185 4146 at
1252 4133 1255 4140 .

319 4244 359 4308 B.
379 4262 406 4302 r.
420 4244 477 4308 495
497 4211 641 4306 inecaret
665 4251 777 4304 vertunt
891 4260 917 4297 v.
932 4242 989 4300 496
1014 4250 1078 4300 astu
1192 4260 1218 4299 v.
1233 4242 1290 4300 500
1315 4213 1452 4319 oditque*

325 4363 327 4368 ·
379 4340 405 4380 r.
420 4324 477 4382 507
494 4320 641 4396 Erigonen

320 4472 359 4537 Y.
382 4492 408 4531 v.
421 4474 478 4536 405
499 4475 672 4550 memeque
689 4474 724 4534 L.
747 4475 782 4532 C.
807 4476 838 4531 in
857 4474 940 4530 mitia
959 4472 995 4528 V.
1009 4476 1038 4530 2.
1064 4472 1183 4529 inmitia
1203 4471 1240 4530 V.
1255 4474 1282 4530 1.
1307 4489 1381 4530 corr.
1400 4470 1478 4532 Scor.

324 4589 329 4600 .
378 4567 406 4607 v.
420 4551 477 4610 496
498 4568 595 4612 cancer
615 4569 723 4610 omnes.
840 4568 865 4606 v.
879 4547 938 4608 498
960 4549 1123 4606 (antomon.
1154 4549 1299 4608 cennos
1325 4566 1433 4606 ornnes.
1453 4566 1527 4604 corr.

324 4666 338 4677 .
378 4627 456 4690 scal.
478 4636 508 4686 et
527 4627 565 4684 B.
652 4645 679 4685 v.
693 4631 750 4686 507
769 4628 919 4701 Eripomrn
940 4643 1049 4682 ornnes.
1143 4642 1168 4682 v.
1183 4627 1243 4684 518
1259 4623 1398 4684 &contar
1414 4641 1526 4681 omnes.

324 4737 337 4783 q
378 4702 516 4839 (Stopldaot
533 4700 661 4770 omres.)
681 4710 835 4781 captantur
853 4702 891 4761 V.
908 4705 936 4760 1.
952 4705 982 4761 2.
1005 4701 1041 4762 C.
1075 4708 1225 4779 captantes
1243 4703 1331 4777 (corr.
1353 4700 1435 4776 e)L.-
1452 4716 1527 4758 corr.

1222 4835 1291 4941 ..ar
