3700 5609
669 594 776 663 Lusa
796 593 831 662 lt.
875 620 906 663 v.
930 604 1119 665 arr-aaa.

383 763 419 832 ln
442 766 500 833 tria
522 766 655 857 partitus
678 768 763 858 quod
790 776 840 834 ter
861 768 947 835 cadit
968 769 1103 857 angulus
1128 778 1223 852 astra,

384 877 479 961 Quae
502 876 600 944 divisa
623 889 753 945 manent
774 880 871 945 ternis
895 878 1043 944 distantia
1065 881 1173 969 signis.
1222 931 1238 955 .,

308 1014 311 1021 “
383 986 534 1079 Lanigeri
555 989 683 1078 paribus
707 992 815 1079 spatiis
840 991 902 1055 duo
933 991 1039 1078 signo,
1066 988 1183 1056 Leonis
1223 1072 1227 1083 Ι

334 1115 374 1156 ²80
386 1097 493 1189 Atque
515 1099 675 1189 Sagittari,
698 1100 823 1165 diverso
848 1101 1005 1190 conspicis
1028 1110 1108 1166 ortu.

384 1208 523 1298 Virginis
547 1219 579 1275 et
599 1209 698 1276 Tauri
718 1210 915 1300 Capricorno
940 1219 1096 1276 consonat
1118 1219 1248 1277 astrum.

387 1317 504 1384 Cetera
525 1328 600 1386 sunt
621 1320 715 1386 simili
736 1322 859 1386 ratione
881 1318 1038 1409 triangula
1060 1321 1151 1409 signa

384 1428 450 1494 Per
470 1429 603 1495 totidem
625 1432 719 1496 sortis
743 1430 883 1496 diiuncta
906 1453 944 1496 ac
967 1431 1094 1497 condita
1117 1431 1253 1513 munde,

385 1536 450 1604 Sed
473 1538 642 1605 discrimen
663 1543 731 1623 erit,
755 1540 876 1623 dextra,
899 1564 938 1606 an
961 1541 1024 1606 sint
1043 1540 1145 1607 laeva.
1187 1543 1322 1624 sinistra,

334 1664 374 1704 ²8⁵
388 1648 481 1731 Quae
501 1649 656 1732 subeunt3
680 1674 762 1740 quac
783 1652 990 1740 praecedunt,
1014 1652 1125 1717 dextra
1149 1674 1221 1717 esse
1245 1653 1397 1720 teruntur.

386 1755 532 1824 Dextera
554 1761 612 1826 crit
634 1762 742 1827 Tauro
766 1761 993 1849 Capricornus,
1019 1762 1116 1850 Virgo
1139 1763 1273 1828 sinistra.

387 1866 459 1934 Hoc
481 1871 556 1935 satis
581 1872 730 1962 exemplo
755 1880 812 1936 est.
857 1879 992 1960 atquae
1016 1872 1116 1936 divisa
1140 1875 1301 1961 quaternis

384 1978 531 2045 Partibus
554 1981 679 2071 aequali
701 1981 837 2047 laterum
858 1990 934 2046 sunt
955 1982 1083 2047 condita
1104 1981 1210 2064 ductu,

386 2089 532 2173 Quorum
555 2092 702 2180 designat
722 2090 873 2156 normalis
895 2091 1018 2181 virgula
1041 2091 1146 2174 sedes,

333 2198 516 2266 eraeece
538 2201 609 2267 ferit
630 2199 768 2281 Libram,
791 2210 892 2267 tortus
917 2203 1132 2291 Capricornus
1155 2211 1187 2267 et
1205 2202 1290 2272 illam

386 2309 566 2399 Conspicit;
587 2310 673 2378 hunc
695 2311 798 2392 Aries,
819 2320 914 2400 atque
936 2312 1025 2377 illum
1047 2312 1188 2400 partibus
1211 2316 1320 2402 aequis

387 2420 521 2502 Cancer,
545 2432 577 2488 ct
597 2422 683 2489 hunc
704 2421 797 2488 laeva
819 2420 984 2487 subeuntis
1006 2421 1109 2487 sidera
1132 2419 1257 2487 Librae.

385 2529 522 2619 Semper
542 2534 626 2598 enim
648 2534 768 2597 dextris
793 2541 965 2597 censentur
986 2533 1076 2619 sigua
1099 2534 1213 2621 priora.

385 2639 440 2706 Sic
461 2638 537 2707 licet
558 2644 590 2708 in
612 2642 747 2709 totidem
768 2652 875 2733 partes
899 2641 1058 2708 deducere
1081 2652 1206 2724 cuncta,

317 2838 353 2894 A.
381 2858 406 2895 r.
421 2844 478 2898 277
497 2842 619 2919 partitur
715 2862 740 2900 v.
754 2847 811 2901 278
830 2843 913 2899 terris
1003 2861 1027 2897 v.
1041 2845 1098 2900 279
1119 2841 1245 2916 Laniger
1337 2848 1433 2900 uaso
1454 2862 1522 2899 con·

379 2918 464 2994 spicit
577 2938 602 2975 v.
617 2923 673 2976 283
694 2920 745 2975 toti
764 2952 802 2959 —
823 2920 926 2975 desunt
947 2937 1020 2993 quae
1137 2938 1162 2974 v.
1179 2919 1236 2975 284
1257 2918 1285 2974 d.
1307 2938 1356 2974 seu
1379 2939 1467 2974 causa

378 3011 405 3050 r.
419 2998 476 3052 286
495 2996 605 3053 Dexter
696 3015 722 3053 v.
737 3000 794 3054 287
814 2995 851 3052 ad
872 3028 910 3035 —
931 2995 1043 3051 diversa
1131 3014 1155 3051 v.
1170 2999 1227 3052 290
1245 2995 1354 3051 Dextra
1373 2995 1469 3051 serunt
1488 2996 1522 3053 L.

381 3070 575 3148 Capricornus
595 3082 707 3151 spectat
784 3092 811 3129 v.
824 3076 881 3130 292
901 3072 1000 3129 laevae
1079 3089 1104 3127 v.
1118 3072 1175 3130 294
1195 3072 1313 3128 Scilicet

319 3198 352 3254 S.
379 3217 405 3253 v.
420 3203 476 3260 279
496 3202 621 3277 Laniger
641 3220 657 3259 e
754 3220 780 3257 v.
795 3206 852 3258 280
873 3200 1014 3277 conspicit
1127 3218 1151 3259 v,
1165 3204 1222 3258 283
1243 3199 1347 3257 desunt
1367 3219 1440 3275 quae

380 3295 404 3331 v.
419 3281 476 3335 284
496 3298 546 3334 seu
567 3298 670 3335 caussa
740 3298 764 3335 v.
779 3283 835 3337 286
846 3277 955 3334 Dexter
1030 3295 1053 3333 v.
1068 3280 1125 3334 287
1145 3277 1258 3335 diversa
1328 3296 1354 3335 v.
1368 3282 1425 3336 290
1444 3276 1523 3335 Dex-

378 3362 424 3409 tra
443 3354 499 3411 lert
518 3355 552 3411 L.
574 3355 695 3425 Cancer,
718 3356 752 3412 C.
832 3375 856 3411 v.
870 3358 924 3413 291
948 3363 1034 3430 atque
1054 3354 1148 3431 ipsum

319 3479 356 3537 B.
378 3498 404 3536 v.
418 3484 475 3541 279
495 3484 649 3558 Lanigere
713 3502 738 3540 v.
753 3486 810 3541 280
831 3483 986 3559 conspicit¹
1047 3501 1073 3537 v.
1087 3486 1143 3540 283
1164 3501 1181 3538 a
1200 3483 1307 3539 verbis:
1328 3481 1436 3553 desunt,
1456 3502 1525 3559 quac

360 3557 399 3613 ad
421 3563 525 3618 v.287:
554 3568 585 3617 ot
604 3579 674 3635 quoe
693 3562 797 3617 abiicit.
895 3578 921 3615 v.
936 3564 994 3617 2th
1014 3559 1094 3615 Haec
1122 3558 1263 3633 quadrata
1287 3558 1393 3617 ferunt.
1424 3560 1524 3617 libram

379 3636 563 3712 capricornus
583 3646 613 3694 et
631 3637 710 3693 illum
788 3655 812 3693 v.
827 3641 882 3696 291
902 3636 970 3692 bine
989 3668 1027 3677 —-
1046 3637 1140 3714 ipsum
1161 3655 1178 3693 a
1197 3645 1272 3714 part.

319 3763 357 3819 V.
379 3781 406 3820 v.
420 3767 477 3821 277
495 3768 620 3840 partitur
639 3785 746 3822 umnec.
768 3785 841 3822 corr.
862 3765 939 3822 Scal.
1023 3782 1049 3819 r.
1064 3767 1120 3821 279
1140 3766 1267 3837 Laniger
1286 3770 1312 3820 ct
1332 3784 1439 3821 omnes.
1461 3766 1524 3841 Ego

380 3842 500 3898 correxi.
528 3843 676 3916 'l'rigonon
690 3844 825 3918 Lanigeri
837 3851 889 3910 est,
910 3842 959 3916 qui
980 3841 1067 3897 ducit.
1147 3858 1171 3897 v.
1186 3845 1244 3898 280
1263 3843 1399 3916 conspicis
1408 3842 1445 3898 V.
1456 3846 1483 3899 1.
1495 3847 1523 3901 2.

379 3920 521 3991 conspicit.
544 3919 581 3974 G.
603 3919 637 3975 L.
735 3939 760 3976 v.
775 3923 831 3977 283
851 3922 935 3975 tortis
955 3937 1062 3974 ornnes.
1085 3936 1157 3972 corr.
1180 3916 1257 3972 Scal.
1278 3947 1316 3957 —m
1336 3916 1434 3974 dcsrrnt
1455 3937 1526 3993 quac

380 4013 489 4051 omnes.
518 3995 581 4071 Ego
603 3997 722 4053 correxi.
821 4015 846 4051 r.
861 3996 918 4053 284
938 3995 1045 4051 deutris
1063 4012 1112 4049 son
1132 4012 1219 4051 conso
1240 4012 1347 4048 omnes
1375 4013 1430 4069 ego
1451 4015 1524 4052 corr.

378 4089 405 4126 v.
419 4074 474 4128 286
498 4076 607 4129 Dcatro
626 4073 662 4129 V.
677 4077 744 4131 1.2.
768 4078 891 4130 Dextera
911 4072 945 4128 L.
970 4072 1003 4127 C.
1120 4090 1146 4127 r.
1161 4075 1217 4128 287
1239 4069 1328 4126 divisa
1349 4089 1457 4129 omnes.

378 4166 404 4203 v.
419 4151 476 4205 290
494 4153 605 4205 Horcon
625 4150 669 4206 vcl
689 4154 784 4208 Hccco
802 4168 910 4205 omncs.
942 4147 1036 4219 furiat
1055 4147 1089 4202 L.
1107 4147 1144 4203 G.
1164 4146 1208 4218 fer
1229 4146 1263 4201 C.
1283 4144 1339 4216 fort
1359 4147 1394 4203 V.
1411 4152 1435 4205 1.
1447 4153 1475 4205 2.
1487 4182 1525 4191 -

379 4223 482 4281 tibrum
502 4229 684 4299 capricornus
703 4234 729 4282 et
748 4226 828 4283 illurn
849 4244 957 4280 omnes.
980 4244 1050 4279 unus
1063 4224 1098 4280 V.
1110 4229 1138 4280 2.
1160 4224 1280 4280 servavit
1296 4241 1401 4291 verum,
1424 4224 1525 4284 librum

378 4308 483 4358 tortus.
516 4302 602 4370 Quod
616 4322 651 4359 ne
672 4303 872 4380 interpolatum
895 4320 1024 4366 censeas,
1045 4310 1073 4357 et
1092 4301 1156 4357 libri
1177 4301 1237 4356 eius
1258 4298 1369 4356 indoles
1392 4311 1475 4371 vetat,
1497 4313 1526 4362 et

379 4378 458 4451 quod
482 4380 602 4454 margini
627 4388 763 4454 tanquam
789 4379 890 4435 sideris
916 4398 1020 4434 nomen
1041 4377 1216 4453 adscriptum
1237 4384 1293 4443 est,
1317 4380 1433 4436 Turius.
1464 4382 1524 4438 Sub

380 4455 558 4531 Capricorno
585 4464 668 4511 natus
696 4465 758 4513 crat
784 4456 933 4521 Tiberius,
960 4456 1066 4511 invisus
1093 4455 1169 4520 urbi,
1197 4472 1282 4529 quum
1307 4456 1391 4530 primi
1411 4457 1440 4512 hi
1460 4457 1525 4515 libri

379 4534 581 4588 scriberentur.
623 4532 692 4589 Inde
721 4535 853 4607 ambigue
877 4539 985 4588 tortum
1010 4533 1028 4587 i.
1050 4551 1075 4587 e.
1100 4533 1249 4586 obscurum
1271 4539 1299 4587 et
1320 4530 1450 4589 dolosum
1470 4535 1525 4591 boe

380 4608 460 4663 sidus
480 4618 636 4686 nuncupat.
676 4609 787 4665 Eodem
807 4609 911 4675 refero,
933 4608 1010 4682 quod
1024 4626 1120 4684 supra,
1134 4608 1263 4665 similiter
1277 4608 1388 4678 ludens,
1408 4629 1524 4687 pronum

379 4704 444 4741 eum
465 4688 565 4753 tacere,
589 4705 628 4741 vs.
641 4690 712 4752 253,
737 4686 861 4743 dicebat.
901 4686 932 4741 ln
954 4686 1046 4741 insula
1065 4683 1169 4743 ttbodo
1195 4694 1262 4740 tunc
1288 4684 1351 4752 ille,
1377 4688 1523 4762 neglectus

379 4763 416 4817 ab
437 4763 736 4829 omnibus,‘latitatiat.
825 4781 850 4819 v.
865 4762 923 4821 294
943 4761 1052 4820 Scilicet
1073 4779 1180 4819 omnes.
1202 4781 1274 4819 corr.
1296 4761 1374 4819 Scal.
