3700 5609
334 625 376 692 18
725 618 832 693 laurea
853 617 876 686 l.
918 645 950 687 v.
973 627 1164 689 336—-35t

396 794 534 882 Semper
557 792 615 857 erit
637 811 696 880 par
719 789 902 871 othelium,
926 793 1001 879 quia
1022 790 1141 858 viribus
1164 798 1313 879 aequant.

393 903 547 970 Proxima
569 924 639 966 sors
663 901 778 990 Cygni,
802 925 899 991 quern
923 899 1012 967 caelo
1034 897 1176 989 Iuppiter
1196 900 1267 987 ipse

392 1010 556 1102 Imposuit,
579 1012 702 1077 lorrnae
723 1012 871 1100 pretium,
894 1034 957 1099 qun
981 1011 1066 1099 cepit
1089 1021 1265 1089 amantem

393 1121 477 1188 Cum
500 1121 579 1189 deus
601 1123 633 1187 in
655 1124 787 1189 niveum
809 1119 976 1186 descendit
997 1142 1110 1188 versus
1135 1116 1268 1196 olorem.

342 1249 382 1291 ³⁴⁰
395 1232 567 1321 Tergaque
589 1230 698 1299 fidenti
720 1230 855 1298 subiecit
877 1228 1007 1319 plumea
1028 1226 1149 1296 Ledae.

390 1341 487 1410 Nunc
511 1366 640 1432 quoque
662 1340 807 1407 diductas
830 1338 944 1406 volitat
964 1337 1109 1408 stellatus
1131 1339 1163 1404 in
1185 1336 1261 1404 alas.

390 1449 475 1516 Hinc
496 1452 617 1518 imitata
640 1452 742 1516 nitent
763 1472 957 1538 cursumque
979 1447 1186 1537 habitumque
1207 1447 1354 1536 sagittae

392 1560 516 1627 Sidera.
560 1571 628 1638 turn
650 1561 758 1649 magni
778 1558 863 1626 Iovis
885 1558 952 1626 ales
969 1560 1070 1625 fertur
1091 1558 1124 1623 in
1146 1556 1257 1640 allum,

390 1670 528 1737 Assueto
552 1668 688 1748 volitans
711 1678 817 1759 gestet
839 1691 899 1736 ceu
922 1666 1052 1740 lulnrina
1075 1666 1205 1748 mundo,

342 1797 381 1839 ³⁴⁵
394 1779 503 1869 Digna
525 1779 600 1847 love
623 1789 656 1845 et
677 1777 779 1860 caelo,
801 1777 888 1867 quod
910 1778 1009 1846 sacris
1031 1778 1159 1847 iustruit
1178 1779 1285 1847 armis.
1338 1820 1341 1824 ·

390 1890 476 1957 Tum
498 1913 627 1981 quoque
650 1890 690 1958 de
712 1899 812 1979 poulo
835 1887 938 1976 surgit
960 1886 1140 1976 Delphinus
1163 1888 1204 1955 ud
1227 1898 1321 1970 astra,

389 2000 511 2066 Oceani
536 1998 679 2089 caelique
702 1998 812 2078 decue,
834 2021 892 2088 per
913 2007 1085 2087 utrumque
1107 2007 1261 2067 sacratus.

391 2109 497 2193 Quem
519 2107 631 2198 rapido
654 2118 787 2176 conatus
811 2107 922 2198 Equus
946 2106 1178 2196 comprendere
1201 2130 1298 2178 cursu

389 2218 542 2299 Festinat,
564 2229 676 2308 pectus
701 2217 835 2307 fulgenti
856 2216 961 2283 sidere
982 2215 1098 2286 clarus.

308 2410 312 2417 .
338 2348 378 2390 aar
390 2328 432 2396 Et
452 2327 558 2395 finitur
583 2330 615 2394 in
638 2326 893 2409 Andromedam3
922 2326 1039 2415 [quam
1061 2326 1200 2401 Perseus
1228 2328 1326 2399 armis

387 2438 489 2527 Eripit
510 2447 543 2505 et
563 2440 664 2505 sociat
686 2438 754 2519 sibi,
777 2434 1009 2523 cuilsuccedit
1030 2436 1139 2526 iniquo

322 2707 356 2764 A.
383 2726 408 2763 r.
423 2710 479 2765 336
500 2706 617 2783 paribus
695 2724 721 2761 v.
736 2705 793 2763 342
813 2705 952 2762 deductas
1032 2723 1056 2761 v.
1071 2708 1129 2763 350
1148 2705 1331 2764 Andromeda

322 2834 355 2928 S.
380 2851 407 2891 r.
421 2836 477 2891 336
494 2834 615 2967 {aribus
712 2850 737 2889 r.
752 2830 809 2889 344
828 2833 928 2890 mundi
1029 2849 1054 2888 v.
1069 2832 1126 2890 350
1145 2830 1330 2892 Andromeda
1349 2868 1387 2879 -
1404 2836 1530 2899 Perseos

337 2931 341 2939 ·
381 2928 475 2967 armus
521 2918 610 2987 xcrprt
944 2937 950 2948 .

321 3039 357 3097 B.
383 3058 410 3097 v.
421 3042 477 3097 336
491 3036 609 3095 inducit.
661 3056 686 3095 v.
696 3037 848 3096 338-340
860 3027 972 3094 'formae
983 3036 1077 3113 pretio
1090 3068 1128 3077 -
1142 3036 1247 3094 sidenti
1307 3058 1333 3098 v.
1348 3042 1405 3099 350
1414 3042 1530 3101 Andro·

336 3155 340 3163 .
378 3115 515 3173 meda—
534 3111 610 3171 tttd.
632 3132 718 3189 quam
736 3144 775 3157 -
794 3116 850 3182 cui,
871 3113 969 3193 spuria
990 3130 1055 3170 esse
1074 3112 1153 3169 vidit.

321 3240 359 3300 V.
380 3261 405 3299 r.
420 3244 476 3297 336
496 3239 744 3316 porllusomnes.
775 3257 829 3314 ego
850 3240 970 3297 correxi.
999 3258 1055 3315 pur
1074 3238 1177 3300 bellum
1196 3251 1249 3310 est,
1271 3244 1339 3319 quia
1358 3244 1527 3304 r'nileusne-

380 3326 477 3406 qnant.
516 3317 548 3372 ln
569 3318 671 3373 ceteris
690 3317 783 3374 serina
808 3316 843 3371 ab
870 3315 1001 3372 humanis
1027 3317 1175 3373 vincuntur
1195 3318 1288 3376 astris.
1329 3320 1384 3376 Hic
1402 3320 1528 3379 fumasse

334 3469 337 3475 ·
378 3392 1118 3545 tttttzdtttlttf‘tt’edintdatad
1131 3394 1528 3550 {tatttfftttd‘dtt

378 3545 502 3602 numinis
523 3546 613 3616 instar
632 3554 685 3603 est.
782 3564 808 3601 r.
822 3549 879 3603 338
899 3546 992 3623 pretio
1014 3545 1051 3603 G.
1149 3565 1175 3604 r.
1189 3546 1247 3606 340
1268 3547 1396 3623 plurim
1416 3568 1525 3611 omnes.

334 3621 337 3628 '
381 3621 517 3679 Ceterum
535 3621 648 3681 Ledam
666 3631 747 3698 tergo
767 3631 877 3679 rectam
896 3638 1038 3696 nusquam
1057 3640 1103 3680 me
1121 3620 1218 3699 legere
1238 3627 1427 3686 commemini.
1466 3628 1526 3687 Le-

379 3696 446 3756 dam
465 3697 589 3758 sortasse
610 3708 639 3755 et
657 3698 806 3766 Nemesin,
819 3707 849 3754 ut
864 3698 922 3766 alii,
932 3700 1055 3755 miscuit.
1138 3699 1235 3759 rud-11
1254 3699 1391 3763 deductos
1410 3722 1525 3774 ornnem

379 3793 452 3832 corr.
473 3771 552 3833 seat.
647 3794 674 3832 r.
688 3775 746 3833 344
764 3774 862 3832 mundi
882 3793 994 3844 ornnes3
1025 3793 1097 3833 corr.
1118 3776 1214 3838 Bentl.
1235 3775 1319 3836 aliter
1338 3778 1454 3840 Genu
1468 3798 1523 3839 us-

376 3858 458 3908 auelo
470 3882 509 3892 -
520 3858 607 3927 pectet
627 3855 684 3909 oui
704 3851 759 3923 (sc.
772 3850 846 3921 lori)
864 3849 992 3921 fulmina
1006 3852 1114 3927 aroedi,
1135 3850 1296 3928 ingeniose!
1317 3854 1372 3914 scd
1390 3855 1458 3916 ride
1473 3876 1523 3915 re·

376 3926 485 4002 liquam
505 3928 677 3995 orationem,
702 3932 783 3985 lovis
803 3926 878 3994 olea,
907 3929 1004 4003 Digne
1024 3933 1106 3997 Ioue,
1134 3938 1165 3986 ut
1183 3928 1297 3998 videas,
1323 3933 1371 3992 cei
1386 3951 1523 4009 peruerse

367 4002 496 4067 illatum.
574 4023 601 4062 r.
615 4007 673 4062 350
691 4006 723 4061 io
741 4002 923 4062 Andromeda
942 4006 977 4062 L.
993 4005 1029 4063 G.
1046 4006 1080 4063 C.
1101 4006 1280 4064 accusativus
1299 4006 1413 4069 dontlor
1431 4017 1480 4069 ost
1495 4011 1523 4067 in

376 4077 414 4136 V.
426 4084 453 4138 1.
465 4085 494 4139 2.
513 4111 552 4122 —-
593 4082 684 4151 Quone
696 4110 735 4121 -
749 4083 795 4137 oui
812 4090 890 4137 recte
909 4080 1006 4139 Bentl.
1028 4082 1181 4149 darnnarit,
1200 4100 1268 4144 nam
1280 4092 1313 4142 et
1323 4085 1450 4146 barbare
1457 4094 1525 4144 arnt

377 4166 407 4215 et
427 4158 557 4233 sequitur
567 4156 692 4216 Perseus
713 4176 754 4214 vs.
768 4161 834 4216 358.
873 4157 980 4215 Addita
1001 4167 1093 4215 autern
1115 4178 1132 4214 a
1153 4158 1275 4216 librariis
1295 4160 1358 4222 eins
1379 4160 1522 4222 aendo-

377 4232 429 4299 sia,
450 4234 518 4307 quia
537 4251 670 4291 versuum
690 4233 761 4289 ordo
781 4235 856 4291 male
876 4242 1000 4291 mutatus
1021 4234 1158 4294 Perseum
1179 4253 1294 4311 qnoque
1314 4237 1471 4315 eripuerat.

376 4327 403 4364 r.
418 4310 472 4365 351
493 4312 591 4385 iniquo
610 4313 706 4385 spatio
726 4309 857 4377 divisum,
880 4311 946 4384 qnia
956 4309 1093 4367 Deltoton
1113 4306 1268 4379 ἰσοσκελὲς
1287 4321 1341 4372 eet.
1379 4313 1446 4376 Sed·
1454 4333 1521 4393 pare

376 4383 576 4461 descriptionis
595 4406 649 4465 per
666 4384 761 4442 fictam
770 4386 871 4443 Persei
889 4385 1010 4461 figuram
1024 4388 1104 4443 nobis
1121 4396 1221 4466 erepta
1235 4387 1357 4449 videtur.
1397 4390 1432 4448 Id
1441 4410 1522 4454 mon·

376 4468 456 4528 strat,
475 4460 595 4530 diamur,
615 4462 692 4538 quod
712 4481 809 4520 ornnes
829 4472 951 4528 tuentur,
971 4464 1052 4541 Lips.
1073 4467 1158 4521 etiam
1178 4466 1312 4543 explicat,
1332 4483 1372 4526 ee.
1393 4468 1521 4545 triangu-

375 4536 430 4593 lus.
472 4536 577 4593 deinde
601 4558 703 4598 manca
723 4536 831 4614 figurae
852 4538 1005 4618 explicatio
1026 4547 1084 4607 est,
1115 4557 1200 4615 quarn
1221 4543 1399 4604 correctione
1415 4544 1521 4608 streone

376 4613 500 4671 eximere
519 4612 615 4670 Bentl.
637 4615 753 4681 studuit,
774 4614 841 4671 dum
860 4634 914 4692 pro
936 4614 1065 4691 lunrpodc
1086 4616 1141 4693 (sic
1160 4626 1238 4678 recte
1257 4618 1295 4675 V.
1305 4622 1335 4677 2.
1351 4627 1425 4680 cett.
1446 4620 1521 4684 lone

372 4684 464 4766 poda)
484 4690 583 4746 scribit
603 4688 689 4747 lieren.
710 4691 764 4749 sed
779 4701 810 4749 ut
829 4690 940 4749 dianus
959 4692 1140 4768 triangulum,
1161 4694 1201 4751 ita
1219 4697 1304 4759 wne
1318 4695 1433 4762 lum
1449 4716 1519 4782 per·

375 4765 457 4825 didit.
496 4766 553 4824 Aut
572 4766 613 4823 ita
632 4774 755 4838 statues,
776 4777 826 4826 aut
845 4769 932 4826 etiarn
958 4768 1183 4849 descriptionem
1200 4769 1375 4834 Deltotieb.
1389 4773 1518 4854 imrpo·

1227 4927 1232 4935 .
1322 4913 1326 4935 .’
1361 4899 1377 4936 '.
1462 4889 1498 4937 nl.
