3700 5609
697 601 802 669 Lmen
823 600 845 670 t
889 628 920 669 v.
943 609 1133 670 278-·304.

388 775 423 842 ln
447 774 573 840 diversa
595 775 668 853 situ,
689 773 879 862 caelumque
901 781 935 839 et
956 771 1061 839 sidera
1083 781 1241 863 torquent,
1265 812 1305 825 -

388 885 473 950 Aera
495 908 554 974 per
575 882 716 973 gelidum
739 883 842 947 tenuis
866 880 1033 947 deducitur
1055 882 1134 963 axis,

336 992 619 1084 2⁸⁰Libratumque
641 992 724 1082 regit
746 991 871 1058 diverso
895 991 1025 1057 cardine
1046 992 1217 1073 mnndum;

389 1102 543 1169 Sidereus
566 1102 652 1169 circa
679 1100 821 1167 medium
848 1123 945 1190 quem
971 1101 1112 1168 volvitur
1134 1100 1229 1182 orbis,

388 1211 634 1302 Aethereosque
656 1218 740 1275 rotat
761 1231 890 1291 cursus3
912 1211 1064 1277 immotus
1087 1211 1193 1277 atille

387 1321 424 1387 ln
446 1322 535 1387 binas
557 1319 673 1385 Arctos
695 1320 803 1408 magni
824 1342 883 1407 per
903 1320 1010 1386 inania
1031 1322 1140 1387 mundi

388 1431 517 1520 Perque
539 1430 646 1518 ipsum
668 1437 772 1494 terrae
794 1428 933 1494 directus
956 1431 1096 1496 constitit
1118 1430 1238 1497 orbem.

337 1561 377 1601 res
390 1540 463 1608 Nec
485 1562 562 1605 vero
586 1563 604 1606 e
627 1538 729 1604 solido
752 1547 838 1603 stant
858 1538 974 1604 robora
996 1542 1138 1629 corporis
1163 1543 1201 1623 ei,

388 1651 462 1719 Nec
484 1672 582 1739 grave
605 1648 730 1738 pondus
753 1648 864 1730 habet,
893 1649 980 1738 quod
1002 1672 1083 1714 onus
1107 1651 1188 1716 ferat
1210 1651 1347 1719 aetheris
1370 1654 1439 1735 alti;

389 1758 458 1827 Sed
480 1781 554 1824 cnm
577 1782 631 1825 aer
653 1759 756 1824 omnis
778 1780 907 1845 semper
928 1756 1078 1823 volvatur
1098 1760 1130 1824 in
1154 1760 1275 1842 orbem,

389 1871 530 1960 Quoque
551 1867 653 1934 semel
675 1868 790 1955 coepit,
812 1876 898 1933 totus
921 1866 1009 1933 volet
1032 1868 1171 1957 undique
1192 1873 1224 1936 in
1246 1872 1362 1960 ipsum,

389 1982 615 2069 Quodcunque
636 1981 670 2044 in
690 1977 797 2042 medio
822 1985 886 2055 est,
908 1978 993 2043 cirea
1017 1978 1103 2066 quod
1126 1990 1242 2046 cuncta
1264 1990 1443 2060 moventur,

337 2092 503 2181 musque
525 2090 605 2155 adeo
629 2098 735 2169 tenue,
757 2097 793 2152 ut
813 2088 893 2151 verti
916 2110 982 2152 non
1004 2088 1107 2177 possit
1126 2089 1159 2153 in
1180 2090 1296 2177 ipsum,

388 2201 461 2269 Nec
482 2200 547 2265 iam
568 2199 713 2265 inclinari
733 2218 794 2262 nec
816 2219 852 2261 sc
875 2207 1064 2268 convertere
1085 2200 1117 2263 in
1141 2197 1261 2278 orbem,

390 2311 464 2377 Hoc
488 2310 598 2377 dixere
622 2331 727 2388 axem,
751 2308 823 2396 quia
845 2317 969 2373 motum
991 2330 1055 2373 non
1077 2306 1174 2374 habet
1194 2307 1304 2388 ullum,

387 2418 460 2509 lpse
481 2420 570 2486 videt
591 2420 675 2485 circa
697 2416 862 2483 volitantia
884 2424 1001 2482 cuncta
1021 2416 1154 2481 moveri.

388 2529 524 2615 Summa
546 2535 658 2594 tenent
679 2528 746 2593 eius
769 2527 891 2592 miseris
914 2526 1079 2592 notissima
1101 2528 1205 2591 nautis

338 2638 492 2726 &Signa
512 2662 571 2727 per
591 2638 783 2702 immensum
804 2637 937 2727 cupidos
962 2636 1110 2702 ducentia
1131 2646 1282 2724 pontum;

388 2748 609 2837 Maioremque
631 2746 744 2812 Helice
767 2747 877 2811 maior‘
890 2746 1063 2811 deeircinat
1086 2769 1206 2827 areum,

388 2858 536 2948 (Septem
556 2856 643 2922 illam
665 2856 776 2924 stellae
799 2865 957 2922 certantes
980 2854 1099 2921 lumine
1121 2859 1260 2946 signant)

388 2970 462 3055 Qua
485 2968 568 3033 duce
590 2965 784 3055 perductus
808 2965 923 3031 Graiae
947 2963 1024 3029 dant
1043 2963 1117 3029 vela
1139 2966 1284 3046 carinae;

386 3080 533 3169 Angusto
557 3078 726 3165 Cynosura
749 3075 854 3141 brevis
877 3081 1044 3161 torquetur
1064 3074 1097 3136 in
1121 3072 1207 3154 orbe,

334 3189 499 3273 monum
521 3188 635 3276 spatio,
657 3196 723 3258 tam
744 3185 818 3251 luce
840 3184 960 3264 minor3
982 3181 1040 3250 sed
1062 3182 1168 3249 iudice
1188 3185 1287 3254 vincit

388 3293 544 3364 Maiorem
565 3295 675 3383 Tyrio.
718 3295 838 3361 Poenis
857 3293 940 3363 haec
963 3293 1079 3358 certior
1101 3303 1221 3376 auctor,

386 3404 463 3475 Non
486 3412 693 3493 apparentem
719 3404 835 3494 pelago
865 3401 1089 3494 quaerentibus
1121 3402 1240 3469 orbem.
1267 3421 1268 3425 ’

386 3514 459 3583 Nec
480 3512 609 3603 paribus
631 3513 755 3601 poeitae
778 3522 853 3579 sunt
873 3511 1046 3593 irontibns3
1069 3521 1205 3603 utraque
1228 3516 1364 3583 caudam

386 3622 502 3713 Vergit
522 3621 554 3688 in
577 3620 706 3709 alterins
728 3631 843 3704 rostro,
865 3614 1072 3713 sequiturque
1094 3634 1292 3713 sequentem.

319 3815 355 3870 A.
384 3830 410 3869 r.
424 3812 483 3871 284
501 3814 641 3904 conspicit
718 3832 745 3870 r.
758 3815 814 3871 285
836 3820 892 3868 etat
911 3813 1065 3869 robore-
1079 3813 1140 3870 eius
1192 3850 1203 3858 --
1220 3833 1243 3870 v.
1258 3819 1314 3876 296
1336 3826 1434 3874 arcton

339 3919 359 3940 ·.
380 3892 479 3948 neue
499 3890 618 3946 Gratiae
696 3908 721 3946 v.
736 3894 793 3947 300
812 3889 839 3943 T
842 3907 939 3945 am-
955 3906 1041 3962 quarn

320 4015 353 4074 S..
379 4017 477 4073 ame
497 4016 569 4072 sitae
658 4034 684 4073 v.
698 4020 756 4074 280
775 4015 849 4091 gerit
942 4033 968 4070 v.
983 4016 1039 4073 285
1061 4024 1117 4071 stat
1136 4019 1223 4074 robur
1243 4037 1276 4079 co
1314 4020 1371 4075 oris
1389 4021 1450 4077 eius

379 4108 406 4148 v.
418 4094 477 4152 290
496 4091 526 4148 id
545 4092 639 4169 ipsum
718 4111 743 4148 r.
757 4094 814 4150 296
833 4090 973 4147 Maiorem
993 4109 1077 4166 quern
1154 4111 1180 4149 v.
1195 4098 1252 4151 ³00
1272 4096 1281 4113 '
1301 4112 1347 4151 am
1367 4115 1511 4175 —qnam

319 4216 356 4275 B.
377 4234 404 4273 r.
418 4220 475 4275 283
494 4216 642 4274 Austrinos
740 4237 764 4274 v.
779 4217 837 4275 284
857 4217 997 4294 conspicit
1093 4237 1119 4276 r.
1133 4224 1190 4278 285
1218 4220 1327 4278 solidus
1346 4230 1404 4279 stat
1422 4226 1525 4284 robore

379 4293 508 4373 corporis
529 4294 590 4350 axis
668 4313 693 4350 v.
708 4298 763 4353 291
785 4293 902 4350 inducit.
979 4311 1005 4349 v.
1020 4296 1076 4351 302
1096 4313 1185 4352 oram.
1263 4315 1289 4353 v.
1304 4298 1360 4356 aot
1380 4309 1503 4359 rostrum

319 4421 357 4478 V.
378 4438 405 4477 r.
419 4419 478 4478 284
497 4422 635 4495 conspicit
655 4441 764 4480 ornnes.
791 4440 864 4478 corr.
885 4419 963 4478 scat
984 4422 1144 4480 doctrinae
1168 4423 1264 4481 Bentl.
1285 4425 1399 4485 Arctoe.
1421 4427 1526 4487 alterae

375 4497 463 4553 nobis
483 4514 541 4552 non
558 4505 635 4553 recte
655 4499 697 4555 cri
719 4499 789 4556 iunt.
872 4515 898 4553 v.
912 4499 969 4557 285
989 4502 1053 4556 otott
1072 4498 1174 4557 roboro
1194 4520 1302 4561 omnes.
1324 4506 1387 4560 otus
1405 4504 1442 4561 V.
1457 4510 1484 4571 1,
1498 4510 1526 4562 2.

377 4574 406 4629 ei
424 4573 460 4628 L.
482 4573 519 4629 G.
541 4570 575 4629 C.
597 4591 669 4630 corr.
730 4577 799 4632 eber
818 4575 847 4631 in
868 4574 957 4652 Corp.
977 4576 1071 4633 Poett.
1149 4594 1175 4633 r.
1189 4581 1245 4639 296
1266 4585 1377 4640 arctum
1396 4580 1430 4637 L.
1448 4580 1484 4636 V.
1499 4586 1526 4639 1.

376 4648 415 4706 G.
436 4649 471 4705 C.
493 4654 591 4706 areton
610 4648 647 4705 V.
660 4653 689 4706 2.
710 4669 782 4707 corr.
801 4650 879 4708 Seal.
958 4670 984 4707 v.
999 4651 1056 4709 aot
1074 4651 1119 4710 De
1139 4654 1279 4729 vergendo
1300 4655 1337 4712 es.
1359 4656 1398 4713 ad
1416 4657 1525 4716 Lucan.

375 4724 398 4793 Ι,
418 4724 456 4783 54
478 4724 558 4782 Cort.
580 4732 609 4781 ct
627 4723 764 4783 Oudend.
785 4733 815 4784 ct
833 4726 907 4785 hunc
929 4727 967 4785 ad
986 4727 1091 4804 Appul.
1111 4728 1181 4790 Met.
1201 4750 1268 4808 pag.
1280 4736 1346 4793 598.
