3700 5609
299 588 303 601 '
329 580 390 646 186
686 575 801 648 fuera
822 580 865 647 V.
906 603 936 645 v.
960 584 1147 644 485-500.

340 767 378 807 ⁴⁸⁵
391 750 613 841 Aequabitque
635 748 751 818 choros
773 758 877 838 gestu,
899 758 1057 838 cogetque
1079 738 1188 814 videre

390 861 598 927 Praesentem
622 860 752 926 Troiam
775 859 1002 951 Priamumque
1026 867 1099 923 ante
1122 879 1176 923 ora
1200 855 1377 922 cadentem

454 971 550 1039 Nunc
571 970 707 1062 Aquilae
729 968 816 1033 sidus
838 970 983 1047 referam,
1008 989 1090 1055 quae
1112 974 1203 1055 parte
1224 965 1350 1030 sinistra
1425 966 1429 970 ’

387 1079 538 1147 Rorantis
558 1081 692 1162 iuvenis,
713 1101 808 1170 quem
832 1080 922 1144 terris
944 1074 1071 1142 sustulit
1091 1077 1171 1164 ipsa,

389 1189 503 1256 Fertur
525 1200 557 1256 et
579 1192 716 1257 extentis
739 1188 891 1279 praedam
913 1183 1123 1256 circ'umvofat
1144 1183 1210 1252 alis.

340 1298 537 1365 thuhnina
559 1302 655 1366 missa
678 1301 782 1380 refert,
805 1308 837 1366 et
859 1296 949 1364 caelo
974 1294 1086 1361 militat
1106 1294 1183 1375 alos,

388 1409 444 1475 Bis
466 1419 655 1499 sextamque
676 1419 767 1477 notat
787 1417 912 1499 partem
934 1404 1069 1472 fluvialis
1091 1405 1227 1495 Aquari.»

293 1559 297 1569 ι
388 1519 473 1585 lffius
487 1518 525 1585 'in
548 1522 639 1586 terris
664 1521 792 1586 orientis
815 1529 960 1605 tempore
981 1525 1077 1581 natus

388 1629 437 1695 Ad
458 1628 560 1718 spolia
584 1639 616 1695 et
637 1639 743 1718 partas
766 1638 876 1718 surget
896 1625 950 1692 vel
972 1626 1072 1692 caede
1094 1630 1229 1715 rapinas,

389 1739 541 1828 Quasque
562 1737 728 1806 hominum
750 1737 873 1805 dederit
893 1745 1027 1824 strages,
1049 1734 1136 1800 dabit
1155 1733 1208 1800 ifle
1230 1734 1378 1813 ferarum,

337 1866 376 1907 40⁵
390 1848 461 1916 Nec
482 1870 596 1937 pacem
620 1872 638 1914 a
660 1848 754 1930 bello,
776 1850 880 1915 civem
902 1846 1061 1912 discernet
1083 1844 1122 1912 ab
1144 1842 1252 1923 hoste;

387 1957 458 2048 lpse
482 1959 540 2024 sibi
561 1957 615 2025 lex
638 1968 749 2040 estet
773 1981 835 2049 qua
858 1957 918 2022 fert
941 1979 1068 2045 cunque
1088 1955 1248 2035 voluntas,

383 2062 603 2159 Praecipitant
624 2069 724 2151 vires3
752 2068 822 2134 laus
851 2073 899 2132 e'st
921 2065 1115 2133 contendere
1137 2073 1262 2133 cuncta.

387 2181 429 2245 Et
449 2180 476 2243 si
497 2180 578 2244 forte
600 2178 692 2246 bonis
715 2178 886 2244 accesserit
906 2177 1044 2266 impetus
1067 2177 1161 2256 ausis,

386 2287 576 2378 fmprobitas
597 2287 651 2355 fiet
667 2289 790 2369 .virtus;
815 2296 847 2353 et
867 2286 1006 2354 condere
1027 2285 1120 2366 beffa,

339 2398 432 2465 snm
450 2399 574 2487 magnis
596 2398 732 2486 patriam
754 2405 905 2487 poterunt
927 2418 1041 2463 ornare
1065 2392 1238 2483 triumphis.

387 2507 429 2574 Et
452 2508 525 2598 quia
547 2529 611 2573 non
635 2515 751 2573 tractat
770 2507 931 2590 VolucriS,
952 2507 1010 2583 sed
1033 2506 1176 2596 suggerit
1197 2524 1294 2584 arma,

387 2617 614 2706 immissusque
636 2617 734 2683 refert
753 2618 854 2706 ignes,
877 2628 910 2684 et
931 2617 1063 2684 fulmina
1085 2614 1197 2693 reddit,

389 2726 488 2817 Regis
511 2726 569 2792 erit
591 2728 741 2815 magnive
764 2726 852 2796 ducis
873 2751 932 2817 per
953 2727 1037 2796 beffa
1058 2727 1210 2805 minister,
1294 2778 1298 2785 .

386 2838 590 2928 ingentisque
611 2836 677 2902 suis
699 2838 872 2926 praestabit
894 2838 1013 2906 viribus
1035 2861 1123 2905 usus.

221 2974 223 2976 ·
339 2946 433 3013 mat
454 2970 528 3013 cum
550 2947 708 3036 Cassiope
730 2948 777 3016 bis
800 2948 889 3016 denis
911 2947 1053 3039 partibus
1077 2948 1157 3016 actis
1190 3001 1193 3008 ,

386 3056 547 3147 Aequorei
569 3057 693 3123 iuvenis
717 3056 830 3124 dextra
852 3060 894 3125 de
915 3068 1008 3148 parte
1029 3060 1176 3147 resurgit,

388 3166 532 3239 Artifices
555 3169 622 3232 auri
644 3167 748 3246 faciet,
771 3169 824 3255 qui
845 3168 932 3234 miffe
954 3169 1061 3258 figuris

387 3277 523 3344 Vertere
548 3300 628 3366 opus
646 3277 770 3365 possint
792 3278 937 3368 tornique
962 3280 1126 3369 acquirere
1150 3278 1258 3345 dotem

386 3387 541 3455 Materiae
564 3395 596 3453 et
615 3385 759 3475 lapidum
780 3388 871 3454 vivos
893 3390 1030 3457 miscere
1051 3389 1186 3458 colores.

323 3713 356 3771 A.
384 3732 412 3770 v.
426 3712 484 3772 494
504 3713 638 3772 dederint
724 3733 750 3771 v.
765 3714 821 3773 496
842 3714 900 3771 fert
919 3734 1090 3793 quocunque
1180 3736 1206 3773 v.
1218 3716 1275 3776 497
1293 3717 1472 3795 Praecipitat
1490 3743 1527 3760 --

380 3790 540 3851 concedere
619 3810 643 3848 v.
660 3793 716 3850 508
737 3792 872 3867 carnique
892 3822 930 3834 -—
949 3803 1016 3870 post
1036 3813 1076 3851 vs.
1091 3796 1200 3870 5fOsq.
1221 3812 1263 3850 vs.
1279 3797 1345 3852 515.

323 3952 355 4009 S.
382 3971 407 4008 r.
422 3914 480 4012 494
500 3953 672 4030 Quumque.
731 3972 756 4009 v.
771 3953 828 4012 497
847 3956 1020 4032 praecipitat
1097 3976 1122 4012 r.
1137 3960 1193 4013 508
1215 3973 1356 4032 caraeque

321 4112 357 4171 B.
378 4133 404 4170 v.
418 4112 476 4174 494
496 4115 581 4172 eiicit.
659 4133 684 4171 v.
699 4114 757 4173 497
775 4113 950 4193 Praecipitat
1035 4134 1060 4172 v.
1075 4119 1131 4174 498
1152 4120 1187 4172 At
1272 4134 1296 4173 v.
1311 4120 1368 4176 500
1388 4114 1526 4174 decorare

382 4210 405 4248 r.
420 4194 477 4250 508
497 4210 639 4267 caraeque

322 4351 359 4409 V.
382 4370 406 4408 v.
420 4352 477 4409 489
496 4354 620 4409 catomo
639 4371 747 4409 omnes.
768 4356 954 4427 (quamquam
973 4356 1003 4410 in
1022 4354 1059 4411 V.
1070 4359 1099 4411 2.
1121 4354 1225 4411 desunt
1245 4373 1262 4411 a
1282 4354 1392 4414 vs.488
1410 4358 1526 4413 Russ-

380 4430 421 4486 tis
445 4427 484 4484 ad
505 4447 547 4485 vs.
564 4432 630 4487 503.
652 4430 752 4503 Rapis)
867 4446 892 4485 v.
906 4429 966 4487 490
983 4430 1040 4488 olto
1060 4450 1168 4488 omnes.
1286 4449 1313 4488 v.
1326 4430 1385 4491 494
1401 4432 1529 4506 fonsque

379 4523 487 4561 omnes.
515 4504 578 4580 Ego
599 4507 718 4563 correxi.
836 4524 860 4560 v.
875 4502 1150 4583 497‘Proootpttoa't
1170 4509 1245 4565 airas
1273 4525 1381 4565 omnes.
1402 4509 1476 4565 vires
1497 4524 1528 4563 se

378 4581 580 4659 praecipitant.
678 4601 702 4638 v.
718 4585 774 4640 500
793 4587 921 4655 potarunt
941 4602 1048 4641 omnes.
1084 4581 1206 4641 Videtur
1224 4585 1324 4659 igitur,
1345 4594 1376 4640 ut
1394 4583 1440 4651 fit,
1459 4601 1527 4661 per·

379 4675 477 4714 sonam
498 4659 617 4716 variare.
710 4677 734 4714 v.
749 4660 806 4716 503
827 4660 960 4731 saepiatur
979 4679 1087 4717 omnes.
1117 4685 1119 4690 ·
1179 4679 1203 4717 v.
1217 4661 1274 4719 504
1293 4663 1475 4737 ingestisque
1493 4659 1528 4718 L.

378 4734 414 4792 V.
426 4735 454 4791 2.
469 4738 496 4791 1.
518 4733 632 4793 urbibus
650 4735 687 4792 V.
697 4738 725 4791 2.
803 4752 828 4791 v.
843 4736 900 4792 508
919 4738 1056 4811 curatque
1074 4754 1186 4796 omnes.
1214 4737 1279 4811 Ego
1292 4736 1421 4796 ‘eonem
1460 4767 1464 4776 ·
