3700 5609
355 572 418 640 198
527 582 530 585 ·
724 564 833 637 Lusa
852 567 894 639 v.
937 590 968 635 v.
992 571 1183 636 rer-745.
1298 568 1300 572 ’

418 739 545 831 Volgus
566 741 651 806 iners
672 738 784 806 videus
807 748 841 805 et
860 740 926 805 iam
947 738 1016 805 siue
1037 736 1167 831 neruine
1188 736 1324 820 turbem,

418 849 475 917 sie
497 851 593 916 eriam
614 872 732 939 magno
755 849 913 939 quaedam
935 846 1115 937 respublica
1138 848 1257 914 mundo
1281 857 1340 929 est,
1456 910 1458 914 ,

420 961 527 1045 Quam
548 967 662 1023 nutura
684 959 769 1039 facit,
791 982 874 1049 quae
895 957 986 1024 eaelo
1009 956 1150 1024 condidit
1172 957 1293 1025 urbem.

369 1070 505 1137 ursuni
525 1067 637 1136 stellae
658 1090 830 1157 procerum
851 1066 981 1147 similes,
1003 1075 1078 1132 sunt
1098 1069 1245 1155 proxima
1268 1069 1379 1157 primis

418 1178 547 1259 Sidera,
568 1186 707 1267 suntque
728 1177 831 1266 gradu
852 1199 911 1266 per
933 1176 1053 1258 luminu
1074 1177 1158 1243 victa
1181 1180 1333 1267 priorum.

417 1287 578 1356 Maximus
601 1294 651 1352 esi
672 1286 820 1375 populus,
842 1309 969 1352 summe
993 1288 1047 1375 qui
1068 1285 1347 1371 culmine-ferrum

418 1398 482 1464 Cui
501 1397 562 1462 nisi
584 1418 643 1484 pro
664 1418 798 1461 numero
821 1397 906 1463 vires
929 1405 1044 1462 natura
1065 1395 1218 1478 dedisset,

417 1505 489 1595 Ipse
512 1528 586 1571 suas
610 1504 721 1571 aether
741 1505 887 1571 flammas
910 1506 1043 1572 sufferre
1064 1506 1220 1595 nequiret,

369 1630 408 1674 7⁴⁵
422 1614 523 1681 Totus
548 1624 580 1680 et
601 1637 739 1681 accenso
761 1614 899 1681 muudus
920 1614 1073 1706 flagraret
1095 1613 1244 1705 Olympo.

353 1841 388 1901 A.
413 1859 440 1899 r.
453 1847 512 1903 738
531 1842 708 1921 respondere
728 1860 781 1903 our.
798 1852 843 1900 est
919 1861 945 1901 v.
960 1847 1016 1903 739
1037 1843 1280 1903 Huee-orberu
1358 1865 1388 1905 r.
1403 1847 1465 1908 741
1479 1849 1572 1910 iuncta

411 1921 501 1998 priori
578 1939 604 1976 v.
618 1920 675 1977 743
696 1920 785 1975 Cuius
805 1939 858 1998 pro

356 2046 388 2105 S.
413 2065 439 2103 r.
453 2051 511 2105 737
530 2048 616 2104 etiarn
692 2066 720 2103 r.
732 2051 790 2105 738
809 2046 986 2125 respondere
1007 2066 1062 2105 our.
1083 2054 1136 2105 est.
1224 2068 1249 2107 v.
1262 2053 1320 2109 739
1341 2051 1489 2113 Haec-—
1503 2060 1572 2118 eeeli

415 2142 441 2182 r.
456 2125 510 2180 741
532 2123 638 2199 gradus
658 2158 696 2167 -
715 2123 811 2180 iuncta
831 2125 920 2202 priori
998 2143 1023 2180 r.
1038 2124 1094 2182 743
1116 2122 1171 2179 Cui
1191 2127 1216 2181 si

354 2252 392 2310 B.
411 2269 437 2307 r.
451 2251 509 2387 {3:13
527 2240 633 2385 gaius
655 2259 741 2327 atque
762 2252 857 2309 omnia
876 2252 940 2308 iura
1041 2271 1067 2309 v.
1082 2251 1139 2311 742
1159 2252 1275 2310 minimo
1296 2255 1345 2332 qui
1365 2256 1487 2321 lumine

412 2348 438 2387 r.
557 2347 586 2384 ur
605 2346 630 2383 sr

354 2456 393 2515 V.
413 2474 439 2513 v.
452 2460 510 2515 737
527 2459 611 2513 etium
631 2474 737 2513 ornnes.
759 2476 832 2514 corr.
852 2453 889 2513 B.
1006 2475 1031 2514 v.
1044 2460 1101 2515 738
1120 2458 1287 2535 respendere
1311 2479 1414 2523 ornnes
1438 2484 1520 2526 corr.
1539 2469 1571 2527 B.

411 2541 442 2591 et
462 2542 527 2589 ante
548 2551 613 2589 eum
633 2530 785 2588 Withofius
804 2534 834 2589 in
853 2541 923 2589 nott.
942 2552 1011 2591 mss.
1090 2552 1118 2591 v.
1131 2539 1188 2594 739
1210 2537 1301 2607 Quam
1322 2556 1439 2600 ornnes.
1463 2575 1507 2587 -
1528 2566 1571 2605 ur·

410 2608 472 2664 bem
491 2625 599 2664 omnes.
686 2627 712 2664 u.
727 2611 781 2666 471
801 2609 910 2683 medus
928 2641 968 2650 —-
986 2613 1082 2667 emnia
1101 2630 1210 2669 omues.
1230 2631 1285 2688 ego
1304 2633 1381 2673 corr.
1475 2638 1506 2680 v.
1520 2624 1573 2682 742

411 2702 519 2741 suntme
539 2685 585 2757 qui
604 2682 723 2740 eulurirre
741 2702 854 2756 ornnes3
874 2688 967 2762 proba
992 2688 1142 2745 sententia.
1221 2707 1247 2746 v.
1261 2689 1317 2748 743
1348 2692 1406 2750 (ieri
1426 2698 1458 2754 si
1478 2700 1518 2757 L.
1541 2702 1572 2758 C.

414 2762 485 2831 Quis
505 2763 559 2817 nisi
576 2760 613 2815 V.
630 2762 658 2817 1.
682 2761 776 2818 Gnissi
794 2761 832 2818 V.
843 2765 871 2819 2.
910 2762 975 2838 Ego
994 2764 1139 2843 rescripsi.
1164 2767 1275 2823 numeri
1299 2768 1449 2830 rationem
1471 2785 1573 2835 natura

409 2836 510 2894 habuit
530 2855 565 2894 ae
583 2837 658 2895 rires
679 2838 807 2897 attribuit
822 2840 957 2898 minores.
