3700 5609
320 604 363 670 64
693 600 799 671 Laena
820 598 855 669 ll
899 627 931 674 v.
955 608 1145 672 tar-ato.

384 772 451 840 Sed
472 773 595 840 ratione
617 775 685 862 pari
707 784 764 857 est,
787 777 930 864 aequatis
952 785 1048 843 nocte
1071 773 1192 855 diebus,

384 883 609 974 Temporaque
632 883 772 950 elliciunt
793 886 886 952 simili
909 886 1081 953 concordia
1102 894 1203 964 textu,

382 993 630 1084 Permixtosque
652 987 719 1060 dies
742 995 854 1061 mediis
870 995 1009 1063 hiemem
1031 998 1114 1061 inter
1136 1005 1169 1061 et
1190 1004 1315 1062 aestum

334 1121 375 1160 ⁴³0
387 1103 547 1186 Articulis,
569 1126 634 1170 uno
658 1108 819 1172 servantia
841 1115 988 1196 tempore
1011 1115 1191 1196 utrumque.

386 1214 460 1299 Quo
482 1216 587 1280 minus
609 1215 725 1280 inlesto
748 1215 915 1282 decertent
935 1216 1039 1283 sidera
1061 1214 1155 1295 hello,

385 1323 472 1390 Talis
496 1327 555 1389 erit
577 1326 656 1390 ratio
680 1325 812 1391 diversis
836 1327 943 1393 addita
966 1328 1072 1417 signis.

447 1434 505 1499 His
529 1434 759 1501 animadversis
781 1436 876 1503 rebus
900 1460 982 1526 quae
1004 1436 1153 1527 proxima
1175 1432 1274 1500 cura?

384 1544 529 1611 Noscere
552 1544 668 1611 tutelas
691 1546 879 1637 adiectaque
900 1549 1032 1614 numina
1054 1546 1162 1636 signis,

336 1672 375 1711 4³⁵
388 1654 430 1720 Et
453 1678 535 1745 quae
558 1658 674 1745 cuique
706 1657 766 1723 deo
790 1680 897 1723 rerum
919 1666 1033 1722 natura
1057 1656 1183 1736 dicavit,

385 1764 469 1831 Cum
492 1766 598 1832 divina
621 1768 709 1834 dedit
728 1770 854 1857 magnis
875 1766 1042 1834 virtutibus
1066 1787 1131 1845 ora,

386 1875 538 1942 Condidit
559 1887 591 1943 et
612 1878 716 1943 varias
739 1901 831 1944 sacro
854 1877 912 1945 sub
935 1877 1064 1942 nomine
1086 1876 1180 1957 vires,

386 1986 518 2053 Pondus
541 1990 588 2053 uti
608 1987 703 2053 rebus
725 2010 863 2077 persona
878 1989 1043 2076 imponere
1066 1987 1176 2077 possit.

387 2094 582 2187 Lanigerum
604 2096 722 2178 Pallas,
744 2095 888 2163 Taurum
910 2096 1073 2185 Cytherea
1096 2106 1213 2177 tuetur,

336 2206 560 2274 ⁴⁴0Form0sos
583 2205 735 2274 Phoebus
757 2204 921 2289 Geminos,
945 2205 1101 2295 Cyllenie,
1124 2207 1297 2288 Cancrum,

384 2316 503 2408 lupiter
526 2328 557 2383 et
580 2340 653 2383 cum
675 2326 778 2382 matre
802 2316 899 2383 deum
921 2318 1004 2407 regit
1023 2317 1092 2406 ipse
1114 2314 1269 2398 Leonem,

387 2430 543 2519 Spicilera
566 2437 615 2494 est
635 2428 736 2517 Virgo
760 2427 903 2509 Cereris,
931 2428 1148 2516 fabricataque
1175 2425 1272 2494 Libra

385 2538 533 2620 Vulcani,
554 2560 687 2628 pugnax
708 2536 845 2602 lllavorti
867 2536 1020 2626 Scorpios
1044 2535 1169 2618 lraeret;

385 2650 568 2715 Venantem
590 2646 695 2713 Diana
718 2648 833 2725 virum,
854 2647 912 2712 sed
934 2648 1032 2738 partis
1055 2648 1199 2736 equinae,

336 2777 375 2818 ns
388 2759 494 2849 Atque
517 2766 653 2847 angusta
674 2758 763 2823 lavet
785 2756 972 2844 Capricorni
993 2756 1097 2824 sidera
1119 2758 1231 2840 Vesta,

386 2870 429 2936 Et
448 2867 532 2937 lovis
556 2867 692 2934 adverso
715 2863 843 2931 lunonis
864 2867 1023 2958 Aquarius
1047 2871 1169 2934 astrum
1191 2877 1249 2950 est,

322 3161 356 3216 A.
377 3176 402 3215 v.
416 3156 474 3214 427
495 3154 625 3229 aequalis
722 3170 749 3208 r.
764 3152 821 3210 430
841 3153 922 3210 caelo
1012 3172 1039 3210 v.
1051 3153 1108 3211 437
1129 3155 1221 3211 varios
1240 3184 1278 3194 —
1297 3153 1413 3213 numine
1432 3172 1521 3213 mores

379 3253 405 3291 v.
419 3234 476 3291 4311
498 3230 647 3306 Cyllenius
724 3248 749 3287 v.
761 3229 818 3286 443
838 3230 971 3287 Vulcano
1051 3250 1074 3290 v.
1088 3231 1144 3288 446
1166 3232 1316 3289 adversum

322 3389 353 3445 S.
381 3405 407 3444 v.
421 3385 480 3443 427
499 3384 608 3440 ratione
627 3400 682 3459 par
747 3400 774 3439 v.
787 3381 844 3439 430
857 3384 991 3459 utrinque
1058 3403 1085 3443 v.
1099 3383 1153 3441 441
1167 3385 1243 3461 regis
1307 3404 1334 3445 v.
1349 3384 1522 3443 ttonlovis

259 3541 261 3548 ⁴
321 3539 357 3596 B.
379 3557 404 3595 v.
419 3538 476 3593 427
496 3534 658 3614 proscribit.
740 3553 766 3591 v.
781 3534 838 3592 428
859 3536 1007 3612 Tempora
1027 3556 1092 3593 nam
1176 3557 1200 3595 v.
1216 3538 1272 3596 429
1292 3538 1350 3595 Par
1369 3559 1436 3609 nox,
1455 3558 1523 3617 par-

383 3632 438 3689 que
459 3613 521 3669 dics
618 3629 644 3667 v.
659 3610 716 3668 430
743 3630 859 3668 servans
884 3614 1025 3688 utrimque
1050 3623 1177 3671 tenorem
1279 3633 1307 3673 a.
1319 3617 1377 3673 432
1398 3618 1523 3695 spurium

380 3691 497 3747 iudicat.
574 3707 600 3745 v.
615 3687 672 3745 433
693 3697 782 3745 restat
801 3689 890 3764 (quae
901 3720 940 3729 —
953 3687 1033 3763 eura)
1112 3709 1137 3751 v.
1151 3691 1206 3750 441
1229 3693 1335 3767 Tuque
1348 3701 1433 3770 pater
1448 3713 1472 3751 c.
1489 3724 1523 3734 —

379 3769 455 3843 regis
533 3785 558 3822 v.
572 3765 628 3833 446
648 3765 673 3820 E
693 3766 766 3822 lovis
1326 3819 1329 3825 ,

321 3921 358 3978 V.
379 3941 405 3979 v.
420 3921 477 3979 427
497 3917 625 3994 aequalis
650 3937 758 3974 omnes.
783 3938 856 3974 corr.
883 3918 961 3975 Scal.
1000 3917 1150 3977 Sententia
1175 3939 1193 3976 a
1219 3940 1260 3977 vs.
1281 3921 1337 3980 425
1369 3920 1443 3980 haee
1470 3929 1523 3980 est:

377 4001 465 4055 Libra
485 4006 514 4053 et
532 3997 612 4053 Aries
633 4014 690 4051 non
710 3996 739 4050 in
766 3998 894 4052 omnibus
921 3996 976 4052 sibi
999 4006 1172 4074 repugnant,
1199 4000 1266 4073 quia
1291 4006 1443 4056 autumnus
1470 3998 1525 4056 reri

379 4076 534 4153 opponitur
554 4081 582 4129 et
601 4072 650 4128 ille
670 4072 827 4139 fructibus,
854 4072 909 4127 lroc
928 4072 1046 4129 fioribus
1066 4073 1165 4150 pollet.
1207 4074 1268 4131 Sed
1287 4076 1374 4131 etiam
1393 4078 1459 4152 pari
1478 4093 1523 4131 ra-

379 4155 455 4209 tione
476 4158 554 4217 sunt,
584 4149 651 4223 quia
680 4147 741 4205 dies
768 4158 925 4224 noctesque
950 4168 1036 4226 pares
1063 4158 1148 4225 atque
1176 4152 1250 4206 aeris
1270 4158 1525 4229 temperamentum

379 4230 408 4284 in
427 4237 548 4303 utroque
570 4226 661 4281 simile
682 4234 735 4282 est.
819 4246 860 4282 vs.
873 4227 928 4283 431
951 4235 980 4283 et
999 4230 1036 4283 32
1058 4226 1215 4282 clausulam
1237 4227 1384 4286 doetrinae
1406 4228 1523 4286 addunt.

379 4324 464 4379 quain
485 4305 552 4378 quia
573 4303 657 4359 decet
676 4320 693 4357 a
714 4301 935 4359 demonstrativo
956 4303 1095 4371 exordiri,
1121 4303 1251 4360 ordinem
1276 4322 1375 4360 versus
1400 4314 1524 4362 mutasse

380 4380 489 4435 iudico:
512 4380 593 4436 'Polis
612 4381 667 4435 erit
687 4381 765 4435 ratio
785 4410 823 4419 -
846 4382 907 4449 Qrto
929 4382 1020 4435 urinae
1097 4399 1122 4434 v.
1136 4383 1192 4437 433
1212 4379 1302 4455 Signo
1323 4382 1524 4457 interrogatio-

378 4458 422 4512 nis
443 4476 484 4512 vs.
506 4457 625 4513 servavi.
703 4474 729 4511 v.
743 4460 799 4512 436
820 4473 954 4529 orupaam
974 4456 1011 4511 V.
1024 4460 1090 4513 1.2.
1112 4456 1147 4510 C.
1168 4461 1277 4530 nrapais
1297 4456 1334 4512 G.
1346 4457 1382 4513 L.
1401 4458 1524 4514 sortasse

380 4536 415 4589 ab
437 4533 650 4608 interpolatore,
671 4541 699 4588 et
719 4533 758 4587 ita
779 4532 973 4588 scribendum:
997 4533 1065 4588 Cam
1085 4532 1181 4589 divina
1197 4531 1524 4608 dedit—amparem!—

379 4608 528 4666 oirtatituc
549 4626 610 4664 ora.
708 4627 733 4666 v.
748 4607 802 4665 441
824 4612 898 4681 repis
917 4628 990 4664 rinus
1011 4609 1046 4664 G.
1072 4616 1098 4665 et
1118 4628 1206 4685 saepe
1230 4611 1401 4667 metathesin
1422 4612 1526 4690 patitur

380 4686 460 4763 apud
478 4684 635 4742 Manilium.
732 4704 759 4741 v.
772 4685 829 4742 446
850 4688 890 4741 Et
909 4704 1018 4742 omnes.
1038 4689 1118 4742 Iovis
1137 4686 1265 4756 adverso,
1286 4706 1338 4744 seu
1358 4689 1455 4746 annno
1473 4688 1524 4745 lio-

379 4764 437 4824 stili
457 4771 552 4821 tuetur
570 4762 740 4838 Aquarium;
761 4770 791 4819 ut
809 4778 878 4821 saroa
896 4768 992 4820 tuetur
1011 4762 1107 4840 pisces
1127 4762 1291 4842 Neptunus.
