3700 5609
702 622 807 694 brena
828 623 863 695 ll.
906 647 938 693 v.
961 631 1150 694 145-163,

337 814 377 856 1⁴⁵
390 794 447 863 llla
469 797 555 880 fluat,
578 818 661 886 quae
684 796 820 878 divitias,
842 819 924 886 quae
948 796 1048 888 diligit
1069 818 1192 878 aurum,

389 904 527 997 lmperia
549 916 582 973 et
603 907 707 974 fasces
728 906 924 997 mollemque
947 930 1005 998 per
1027 909 1092 973 otia
1114 906 1237 987 luxum,

391 1017 434 1083 Et
455 1016 579 1083 blandis
602 1016 739 1083 adversa
760 1018 857 1098 sonis,
881 1016 1072 1107 dulcemque
1094 1039 1154 1106 per
1176 1040 1269 1083 aures

390 1127 561 1210 Allectum,
582 1136 618 1193 ut
639 1125 767 1193 modico
789 1126 955 1194 noscenda
978 1126 1019 1193 ad
1042 1127 1105 1193 fata
1128 1126 1247 1193 labore.

390 1238 462 1306 Hoc
486 1260 614 1328 quoque
636 1237 775 1303 fatorum
798 1246 854 1318 est,
876 1235 983 1325 legem
1003 1238 1187 1327 perdiscere
1209 1239 1274 1304 lati.

339 1369 381 1409 rso
457 1351 505 1415 Ac
528 1348 666 1438 primum
689 1355 848 1412 astrorum
869 1348 959 1413 varia
982 1357 1031 1414 cst
1052 1357 1167 1414 natura
1188 1348 1330 1417 notanda

390 1458 592 1525 Carminibus
614 1478 674 1545 per
694 1466 865 1546 utrumque
887 1477 999 1545 genus.
1042 1478 1117 1521 nam
1139 1457 1283 1526 mascula
1305 1480 1365 1527 sex
1386 1469 1470 1543 sunt,

390 1568 520 1637 Diversi
542 1566 677 1633 totidem
699 1566 825 1655 generis
848 1566 906 1633 sub
929 1566 1074 1656 principe
1096 1568 1214 1636 Tauro.

390 1679 503 1747 Cernis
524 1688 561 1744 ut
583 1699 715 1744 aversus
737 1674 902 1742 redeundo
925 1686 1035 1766 surgat
1056 1678 1088 1744 in
1111 1679 1248 1746 arcum?

392 1788 563 1856 Altemant
585 1810 698 1878 genus,
720 1795 753 1852 et
775 1785 896 1852 vicibus
919 1788 1082 1853 variantur
1098 1789 1130 1853 in
1152 1787 1273 1856 orbem.

339 1918 391 1968 1⁵⁵1
435 1898 602 1966 Humanas
626 1898 723 1964 etiam
743 1895 869 1985 'specics
890 1898 923 1961 in
945 1905 1036 1985 parte
1056 1896 1189 1964 videbis.

388 2010 461 2080 Nec
483 2032 590 2077 mores
613 2007 739 2073 distant.
782 2005 945 2095 pecudum
966 2029 1040 2096 pars
1064 2016 1160 2097 atque
1181 2008 1321 2078 feramm

388 2117 557 2209 Ingenium
578 2117 711 2198 facient,
734 2138 817 2206 quae
838 2117 902 2181 iam
925 2117 1081 2206 signanda
1104 2120 1213 2208 sagaci

388 2228 522 2320 Singula
545 2237 620 2295 sunt
641 2227 757 2307 animo,
778 2226 907 2315 propria
930 2249 1013 2316 quae
1036 2236 1122 2294 sorte
1144 2230 1298 2297 teruntur.

450 2340 547 2408 Nunc
568 2339 649 2405 binis
670 2337 797 2418 insiste3
821 2335 942 2401 dabunt
963 2339 1123 2425 geminata
1145 2342 1283 2427 potentis
1424 2424 1427 2427 ἢ

337 2468 377 2509 1⁰⁰
388 2451 454 2519 Per
474 2450 598 2518 socium
621 2449 769 2527 effectus3
793 2444 930 2512 multum
952 2469 1061 2512 comes
1085 2446 1172 2513 addit
1194 2459 1226 2516 et
1248 2453 1359 2535 aufert,

387 2560 618 2651 Ambiguisque
640 2556 758 2637 valent,
780 2557 850 2646 quis
869 2565 946 2621 sunt
968 2556 1112 2647 collegia,
1135 2558 1207 2625 latis

387 2672 438 2738 Ad
458 2670 606 2737 meritum
628 2688 822 2756 noxamque.
865 2664 958 2732 Duos
983 2689 1042 2756 per
1063 2668 1168 2736 sidera
1191 2670 1311 2754 Pisces,

387 2780 430 2848 Et
452 2780 584 2847 totidem
608 2778 761 2847 Geminos
783 2774 911 2842 nudatis
936 2777 1042 2865 aspice
1063 2778 1223 2847 membris.

322 3014 357 3071 A.
383 3031 409 3069 r.
425 3012 480 3071 145
500 3012 555 3068 suit
633 3012 729 3068 ν.150
748 3010 786 3064 At
863 3026 887 3064 v.
902 3010 959 3066 156
978 3008 1066 3064 moris
1143 3029 1168 3068 v.
1183 3014 1238 3070 161
1261 3030 1360 3088 quae‘

322 3141 355 3200 S.
382 3159 409 3231 r.
424 3138 562 3271 145dfluit
639 3156 663 3195 v.
679 3141 735 3196 150
753 3138 791 3193 At
872 3154 897 3192 v.
913 3135 969 3195 154
988 3134 1076 3194 babet
1096 3145 1162 3195 ante
1183 3140 1230 3196 53.
1313 3160 1340 3199 v.
1355 3143 1412 3202 157
1431 3142 1528 3205 Etiam

382 3235 525 3293 signaua

320 3344 359 3404 B.
381 3364 437 3402 rss.
453 3344 596 3403 145-48
615 3341 681 3399 incl.
702 3342 787 3399 eiicit.
906 3358 930 3396 v.
946 3341 1002 3397 150
1020 3339 1059 3396 Et
1174 3362 1199 3400 v.
1216 3346 1269 3403 151
1291 3345 1462 3409 Nominibus

381 3440 408 3479 r.
423 3424 480 3480 153
499 3439 615 3483 aversos
634 3451 673 3461 —
693 3427 770 3475 artus
887 3436 913 3473 v.
929 3416 986 3475 154
1004 3435 1088 3474 secus
1185 3439 1210 3477 v.
1227 3424 1283 3480 157
1309 3424 1452 3499 quaedam

321 3550 360 3610 V.
381 3569 408 3607 r.
423 3548 479 3609 145
504 3544 571 3621 lluit
595 3566 704 3604 omnes.
738 3545 801 3621 Ego
823 3544 949 3611 correxi,
974 3542 1030 3599 lrac
1050 3547 1205 3604 sententia:
1235 3549 1298 3625 Ego
1319 3571 1382 3609 cum
1403 3556 1529 3615 carmina

381 3644 448 3683 mea
472 3624 511 3683 ad
538 3624 634 3681 sidera
659 3641 713 3681 nec
738 3622 767 3678 in
787 3624 898 3678 turbam
925 3621 1001 3678 serre
1028 3621 1156 3699 cupiam,
1184 3643 1329 3703 quumque
1348 3647 1407 3686 non
1426 3634 1528 3691 turbae

381 3703 522 3769 scribam,
543 3700 595 3758 sed
617 3700 699 3776 quasi
718 3718 808 3755 vacuo
829 3699 859 3754 in
878 3699 947 3754 orbe
968 3696 1061 3763 solus,
1089 3699 1173 3755 nullis
1194 3706 1409 3762 occursantibus
1429 3716 1458 3765 et
1478 3728 1527 3765 so-

380 3780 441 3836 cios
462 3787 543 3836 actus
562 3778 593 3834 in
612 3776 753 3833 communi
772 3775 873 3833 itinere
894 3774 1067 3849 gerentibus,
1088 3794 1186 3832 currus
1208 3795 1299 3853 agam,
1320 3781 1426 3856 unique
1447 3784 1528 3843 eaelo

382 3856 429 3915 rel
448 3856 550 3933 paucis
569 3852 740 3929 quibusdam
761 3870 870 3918 canam,
894 3852 995 3925 quibus
1017 3850 1047 3906 id
1068 3850 1164 3908 sidera
1185 3872 1369 3926 concessere;
1388 3856 1459 3916 fluat
1478 3860 1529 3918 illa

380 3934 475 3999 turba,
496 3949 570 4006 quae
590 3930 711 4006 imperia
734 3938 763 3985 et
785 3927 905 3995 divitias,
925 3926 1098 4002 mollemque
1110 3928 1207 3985 luxum
1219 3937 1248 3987 et
1259 3933 1438 4003 carminibus,
1453 3954 1528 4011 quae

379 4008 504 4066 blandos
525 4024 612 4063 sonos
632 4005 769 4071 ambiunt,
790 4003 902 4060 dulcem
922 4021 977 4080 per
996 4021 1079 4060 aures
1093 4004 1227 4062 affectum
1239 4016 1373 4076 sectatur,
1384 4020 1416 4066 ut
1434 4031 1528 4087 quern,

378 4088 405 4144 si
427 4104 492 4141 cunr
511 4101 607 4140 rerum
632 4080 797 4139 caelestium
824 4080 1043 4154 investigatione
1070 4091 1264 4159 comparetur,
1289 4083 1403 4143 modico
1428 4087 1528 4148 labore

378 4162 534 4219 inveniant.
574 4160 619 4216 De
638 4158 718 4214 vario
738 4176 790 4213 usu
811 4153 928 4228 decadi,
949 4154 986 4211 cf.
1007 4156 1041 4223 11,
1060 4157 1132 4228 764;
1153 4160 1373 4231 807,111,528;
1393 4162 1443 4232 IV,
1457 4168 1528 4237 3773

376 4238 417 4308 V,
436 4241 502 4296 371.
591 4254 615 4292 ν.
630 4235 686 4294 146
704 4232 870 4307 mollemque
888 4250 939 4307 per
960 4233 1020 4288 otta
1040 4233 1155 4290 murum
1175 4235 1211 4291 V.
1229 4240 1296 4293 1.2.
1337 4238 1426 4305 Quod
1449 4240 1530 4299 baud

379 4317 441 4374 scio
462 4332 499 4371 an
517 4331 615 4371 verum
635 4313 680 4368 sit.
757 4313 855 4367 urso
875 4312 913 4365 Et
932 4306 1008 4365 V.1.
1031 4309 1067 4366 G.
1088 4311 1131 4366 Ar
1150 4312 1225 4368 v.2.
1248 4313 1282 4369 C.
1304 4318 1317 4368 t
1337 4314 1371 4371 L.
1404 4317 1477 4393 Ego,
1499 4326 1529 4375 ut

377 4393 491 4450 initium
512 4390 659 4446 doctrinae
676 4387 805 4453 decebat,
825 4387 869 4441 Ac
884 4384 996 4461 scripsi.
1075 4405 1100 4442 v.
1113 4390 1169 4445 153
1182 4387 1320 4446 aduncus
1333 4409 1441 4451 omnes.
1455 4415 1528 4453 corr.

378 4468 460 4527 scal.
480 4498 519 4509 -
537 4469 570 4524 to
588 4483 660 4523 orco
678 4464 715 4519 V.
728 4468 755 4520 1.
767 4467 795 4519 2.
885 4479 910 4516 v.
926 4464 981 4519 155
1002 4461 1067 4519 iude
1086 4466 1192 4538 spectes
1213 4465 1249 4522 V.
1265 4470 1292 4523 1.
1303 4470 1331 4523 2.
1352 4468 1527 4528 Memorabi-

379 4547 416 4602 lis
436 4545 533 4602 lectio.
563 4542 631 4601 Non
650 4559 716 4597 raro
735 4540 775 4596 M.
797 4547 862 4596 ante
884 4537 1015 4615 duplices
1040 4538 1139 4595 literas
1159 4540 1294 4617 producit
1314 4545 1450 4618 syllabas.

376 4642 405 4680 r.
419 4624 477 4680 156
496 4622 584 4679 moris
613 4636 720 4675 omnes.
741 4635 814 4673 corr.
835 4613 914 4672 Scal.
1007 4634 1056 4691 ¹v.
1071 4618 1127 4674 159
1147 4623 1272 4691 potentis
1291 4620 1326 4677 L.
1356 4641 1529 4701 quamquam

377 4717 454 4757 corr.
474 4714 617 4777 superscr.
635 4712 659 4751 o.
754 4712 781 4751 r.
796 4696 849 4752 161
871 4689 1083 4771 Arrabtpousque
1102 4710 1209 4753 omnes.
1241 4713 1316 4773 quae
1333 4700 1392 4758 atat
1411 4701 1448 4759 V.
1460 4706 1487 4759 1.
1498 4704 1527 4761 2.

377 4778 429 4856 met
446 4776 506 4835 atat
520 4773 561 4835 ·C.
580 4775 716 4852 qabmt
735 4770 770 4832 L.
847 4789 850 4794 ·

1236 4871 1259 4941 4
1270 4876 1284 4910 4
