3700 5609
1430 584 1488 631 xl!

225 795 229 801 ἱ
279 719 320 784 ad
347 720 451 809 ipsam
474 723 591 790 Manilii
618 748 748 792 manum
778 726 886 792 venire
913 750 966 793 nae
993 728 1104 811 video,
1132 731 1158 795 si
1188 739 1220 796 et
1241 752 1284 796 ex
1305 727 1368 796 hoc
1391 739 1424 797 et
1442 734 1488 799 eri

279 853 463 915 ceterorum
491 874 613 934 errore,
646 856 742 933 Vero,
770 875 906 942 repono:
947 858 1043 922 Verso
1065 855 1234 945 Syracusis
1258 855 1395 923 Salamis
1422 880 1487 927 non

279 984 407 1064 merget
433 976 585 1045 Athenas.
639 977 674 1045 ln
704 978 820 1046 eodem
846 1002 942 1069 porro
969 980 1065 1063 libro,
1091 982 1170 1064 204,
1204 981 1381 1050 notandum
1409 993 1487 1067 erat,

279 1123 380 1188 quum
402 1107 502 1171 ceteri
523 1111 726 1193 quodcunque
744 1104 892 1188 habeant,
913 1106 991 1174 V.2
1011 1107 1175 1198 praebere,
1193 1115 1385 1200 quicunque,
1401 1109 1487 1177 unde
1613 1153 1617 1158 ·

278 1225 381 1294 multo
410 1228 532 1298 leniore
559 1236 731 1299 verborum
758 1242 918 1299 structura
946 1233 1149 1301 scribendum
1171 1244 1234 1303 est:
1263 1234 1306 1301 Er
1328 1260 1485 1324 mooun-

279 1378 341 1440 pue
365 1356 451 1423 solet
476 1358 615 1426 venandi
636 1382 773 1449 poscere
796 1382 890 1442 cura,
920 1358 956 1426 ln
978 1362 1124 1451 proprios
1146 1361 1300 1430 fabricare
1323 1361 1409 1431 dabit
1432 1388 1485 1433 ae·

276 1486 371 1550 nolio
382 1494 541 1573 quaestus.
584 1485 746 1577 Denique,
759 1485 846 1578 quod
861 1509 1025 1577 nunquam
1042 1508 1264 1577 speraveram,
1276 1488 1347 1554 libri
1357 1489 1399 1572 V,
1409 1514 1484 1559 ver-

275 1633 351 1677 sum
367 1611 427 1677 741
451 1611 601 1679 facillima
617 1614 806 1680 coniectura
828 1635 943 1679 sanare
963 1610 1040 1679 mihi
1053 1614 1200 1703 contigit:
1222 1625 1361 1707 suntque
1381 1619 1484 1707 gradu

276 1760 338 1827 per
358 1740 481 1804 lumina
501 1740 587 1805 victa
608 1740 759 1829 priorum.
809 1739 970 1824 Quartum
997 1748 1030 1807 et
1052 1741 1196 1829 quintum
1215 1740 1357 1809 siderum
1380 1747 1483 1832 genus

277 1872 337 1948 est,
360 1865 448 1954 quod
468 1865 589 1957 populo
612 1875 792 1956 comparat,
813 1866 853 1933 ci.
875 1891 905 1933 v.
923 1862 1002 1945 736,
1024 1874 1057 1931 et
1077 1886 1177 1931 unum
1198 1864 1334 1954 gradum
1356 1867 1483 1937 efficere

276 1992 359 2059 dixit
384 2016 414 2058 v.
445 1993 522 2077 7183
551 1991 632 2061 haec
659 1994 755 2082 igitur
781 1991 901 2059 lumine
929 1994 973 2059 ait
1001 2015 1019 2059 a
1046 1991 1203 2081 prioribus
1232 1993 1333 2079 vinci,
1358 1997 1482 2065 sicuta

271 2119 462 2210 proceribus
490 2130 523 2186 et
550 2119 708 2212 equitibus
736 2127 906 2210 superatur
930 2117 1079 2210 populus.
1133 2118 1241 2211 Atque
1272 2133 1384 2211 posset
1414 2147 1480 2206 uno

233 2272 238 2277 ·
274 2248 547 2337 interpositoque
567 2268 646 2314 vera
672 2248 831 2313 sententia
858 2246 997 2329 restitui3
1027 2246 1085 2313 sed
1112 2269 1225 2313 versus
1253 2247 1362 2316 durior
1388 2251 1479 2333 foret,

274 2397 336 2441 nec
358 2373 470 2464 quales
486 2373 635 2442 Manilius
654 2372 758 2463 lingit:
780 2373 929 2463 Suntque
950 2372 1054 2463 gradu
1075 2398 1173 2462 usque
1188 2396 1248 2463 per
1267 2376 1373 2441 omnia
1393 2377 1479 2443 victa

273 2502 425 2591 priorum.
469 2501 579 2570 Unum
599 2499 648 2568 his
669 2501 703 2567 in
724 2500 871 2567 versibus
892 2522 945 2566 me
968 2522 1096 2589 semper
1117 2503 1232 2568 mirum
1251 2499 1370 2585 habuit,
1393 2502 1479 2593 quod

273 2637 375 2720 quum
395 2627 447 2696 hic
471 2629 501 2697 ei
522 2630 660 2719 spatium
688 2629 818 2695 daretur
845 2636 877 2695 et
904 2650 962 2694 suo
986 2636 1020 2695 et
1040 2626 1175 2696 aliorum
1196 2651 1287 2708 more
1307 2638 1477 2717 poetarum

271 2754 432 2845 evagandi
451 2757 483 2821 in
504 2754 618 2822 laudes
641 2755 755 2823 domus
777 2754 959 2845 Augustae,
981 2764 1105 2822 tantum
1127 2755 1231 2837 abest,
1263 2765 1298 2823 ut
1317 2754 1351 2821 id
1371 2725 1476 2837 iaciat,

252 2886 539 2969 -ut-Pra'ncr‘pa‘aau
558 2896 696 2970 putres
717 2888 857 2949 rotinere
877 2880 932 2948 vel
954 2904 1028 2950 curn
1051 2882 1173 2949 offensa
1194 2882 1345 2972 principis
1368 2880 1475 2948 dicere

270 3011 396 3080 audeatis

356 3140 466 3209 Verbo
486 3145 654 3231 praeterea
676 3139 717 3206 de
737 3138 843 3205 indice
869 3137 1065 3205 monendum
1093 3160 1166 3204 esse
1189 3136 1322 3205 videtur.
1368 3136 1475 3224 Quem

271 3292 372 3361 quum
394 3290 434 3335 eo
456 3261 590 3336 consilio
612 3266 816 3349 addidissem,
837 3274 873 3331 ut
894 3267 1092 3355 praecipuas
1105 3286 1205 3331 voces
1224 3273 1257 3330 et
1275 3263 1474 3331 elocutiones

269 3395 459 3465 Manilianas
486 3396 678 3475 contineret,
705 3392 820 3461 deinde
849 3415 948 3484 quum
976 3392 1072 3459 etiarn
1100 3390 1218 3482 aliquid
1252 3390 1473 3483 explicationis

270 3524 445 3592 desiderari
471 3521 630 3604 viderem,
660 3542 779 3610 anceps
809 3519 843 3587 id
869 3541 997 3586 mumus
1028 3519 1060 3583 in
1090 3541 1143 3586 rrre
1165 3519 1283 3609 recepi,
1304 3525 1341 3583 ut
1362 3515 1474 3583 diflici-

267 3650 348 3718 liora
368 3653 603 3741 interpretarer.
650 3648 737 3718 Nam
765 3646 851 3740 quod
879 3647 992 3714 doctos
1021 3646 1139 3713 docere
1166 3645 1259 3712 lacile
1281 3668 1353 3714 esse
1375 3646 1472 3725 aiunt,

269 3778 361 3847 aliter
381 3779 495 3845 sentio.
538 3777 625 3863 Quid
656 3776 741 3843 enim
767 3783 804 3842 ut
826 3771 952 3840 difficile
975 3770 1101 3865 eliges?
1129 3772 1205 3862 quid
1232 3781 1394 3861 tanquam·
1412 3792 1471 3835 no-

268 3917 337 3974 tum
358 3902 615 3998 praetermittes?
657 3903 767 3994 ltaque
789 3925 831 3969 ex
849 3902 955 3967 animo
978 3909 1065 3992 opto,
1086 3908 1123 3986 u't
1139 3921 1221 3990 quae
1237 3896 1388 3979 dederim,
1401 3918 1471 3961 om·

247 4028 320 4101 ‘rua
342 4042 448 4123 grata,
478 4054 562 4123 quae
583 4032 762 4111 omiserim,
788 4037 866 4095 nota
892 4027 1069 4095 videantur.
1118 4024 1313 4115 Diligentiae
1340 4022 1470 4113 quidem

269 4168 302 4228 et
327 4159 542 4227 meditationis
568 4182 610 4227 ne
636 4159 669 4225 in
695 4155 757 4223 hac
785 4154 914 4246 quidem
941 4163 1033 4244 parte
1062 4153 1235 4246 quidquam
1261 4148 1407 4241 reliqui..
1434 4145 1470 4216 ln

268 4310 332 4379 quo
355 4308 462 4354 meam
483 4287 524 4354 ob
545 4308 677 4355 causam
698 4283 761 4352 hoc
789 4304 922 4350 moneo:
954 4281 1039 4348 Ante
1065 4280 1171 4348 omnia
1197 4277 1388 4346 brevitatem
1413 4276 1470 4344 de·

268 4438 342 4484 cere
362 4413 503 4483 indicem
525 4414 708 4482 arbitrabar.
740 4413 848 4504 itaque
870 4431 946 4478 cum
968 4410 1074 4476 omnia
1097 4428 1136 4474 ea
1158 4405 1248 4497 quasi
1270 4402 1471 4487 adminicula,

268 4542 380 4633 quibus
404 4565 502 4635 saepe
525 4542 565 4610 ab
587 4542 649 4609 alia
670 4541 760 4608 verbi
780 4540 911 4606 notione
934 4537 974 4603 ad
1003 4535 1097 4602 aliam
1120 4532 1303 4624 enitendum
1326 4540 1409 4613 erat,
1435 4539 1471 4595 ut

267 4670 308 4738 ‘ad
331 4682 509 4739 extremam
531 4669 720 4760 plerumque
743 4666 840 4757 longe
858 4667 997 4754 aprima
1015 4672 1172 4731 remotam
1190 4661 1360 4740 veniretur,
1377 4678 1470 4746 prae·
