3700 5609
321 532 385 604 Md
683 589 686 593 »
828 535 1025 605 lunum

320 727 437 786 procero
456 710 572 767 distenti
592 708 732 767 doliorum
750 712 833 781 uteri,
852 712 875 779 l,
895 710 963 769 843.

320 821 449 880 proceres
468 803 568 860 dorsus
585 801 737 871 Aeonum,
757 803 776 859 i.
797 822 824 860 e.
844 804 983 881 princeps
1004 804 1033 861 d.
1054 803 1175 860 Aemilia
1194 805 1216 872 Ι,
1236 806 1301 863 796.

320 896 453 971 profugit
471 900 501 953 in
519 894 620 964 nudos,
639 895 690 963 Ν,
708 898 774 953 580.

320 987 414 1062 proles
431 987 506 1043 Julia
526 1007 545 1044 c
564 988 687 1044 Veneris
706 989 826 1060 origine,
845 987 868 1055 l,
887 990 956 1047 798.

320 1082 461 1155 promisco
481 1097 613 1155 corpora,
633 1079 684 1149 lV,
704 1084 769 1137 101.

320 1190 376 1250 per
392 1190 499 1248 pronus
519 1190 587 1230 orco
606 1191 638 1230 se
657 1172 742 1229 effert
761 1172 906 1243 canicula,
925 1174 945 1231 i.
960 1193 987 1232 e.
1010 1191 1111 1250 prona,
1131 1172 1230 1229 furens
1250 1191 1282 1230 se
1303 1171 1395 1241 effert,
1410 1173 1446 1239 V,
1460 1175 1527 1229 218.

319 1268 451 1341 propius,
470 1266 561 1340 magis
582 1282 618 1322 ex
636 1265 811 1342 propinquo,
829 1265 909 1324 favet
930 1268 1039 1324 caelum
1046 1307 1055 1335 ,
1072 1267 1139 1341 quia
1159 1265 1270 1322 Caesar
1293 1265 1361 1320 illuc
1387 1265 1529 1339 migravit,

360 1365 390 1414 et
413 1356 557 1432 Augustus
581 1357 658 1412 Jovis
680 1368 741 1433 iper
764 1357 847 1433 signa
871 1358 967 1415 socius
992 1367 1050 1428 est,
1077 1358 1103 1426 l,
1124 1361 1170 1416 11.
1196 1359 1233 1415 cl'.
1260 1357 1286 1425 Ι,
1311 1361 1383 1425 737,
1412 1360 1529 1433 propius

357 1451 467 1506 orituri.
1009 1461 1012 1470 ·

320 1541 464 1617 propriae
473 1538 590 1616 1390160,
610 1539 629 1598 i.
651 1561 677 1599 e.
699 1541 796 1599 sidera
814 1542 933 1620 proprie
954 1542 1070 1611 addicta
1090 1542 1208 1619 singulis
1229 1544 1371 1610 membris,
1392 1542 1427 1613 ΙΙ,
1441 1541 1508 1599 454.

322 1636 521 1709 procerrimum,
540 1635 562 1702 l,
582 1640 630 1692 90.
729 1643 731 1647 ’

319 1743 445 1801 pupnoro
463 1735 493 1783 et
511 1726 614 1783 luctari
633 1726 730 1794 mixta,
749 1726 798 1794 ΙΙΙ,
817 1728 884 1783 264.

320 1820 445 1894 punctis,
464 1819 484 1877 i.
505 1838 531 1876 e.
552 1818 691 1897 pungenti
710 1820 834 1887 stimulo,
853 1819 975 1895 turpiter
994 1818 1114 1898 eleplras
1135 1820 1212 1878 cedit
1232 1840 1282 1879 seu
1302 1827 1395 1897 paret,
1409 1819 1447 1886 V,
1459 1822 1526 1875 707.

325 2061 408 2153 Quo,
428 2083 447 2141 i.
468 2103 494 2141 e.
515 2091 665 2159 quatenus,
686 2102 742 2160 qua
763 2087 808 2143 via
827 2097 857 2145 et
876 2089 996 2157 ratione,
1015 2086 1165 2165 multiplici
1185 2104 1238 2141 usu
1259 2084 1387 2143 recurrit.

323 2198 399 2256 quur
419 2182 438 2239 i.
459 2201 485 2239 e.
507 2179 613 2255 qualia,
632 2189 710 2255 royot
727 2190 901 2259 procuretque.
939 2185 1077 2260 hysteron
1096 2192 1244 2261 proteron,
1272 2181 1350 2257 quod
1369 2182 1399 2236 in
1424 2180 1527 2237 eadem
1546 2166 1557 2177 ”

359 2292 391 2331 re
412 2275 548 2331 German.
568 2274 646 2330 Anat.
667 2273 763 2333 lrabet.

321 2367 439 2440 quaerit,
456 2360 523 2422 ise.
544 2366 736 2444 circumspicit
755 2368 838 2425 Luna
858 2370 963 2438 lumen,
983 2369 1005 2437 1,
1025 2373 1096 2438 2093
1130 2374 1277 2443 quaeruut,
1298 2385 1353 2424 nec
1372 2368 1526 2440 inveniunt,

358 2458 494 2526 Helicen,
513 2458 628 2530 l,²218;
655 2460 685 2516 di
705 2479 821 2536 quoque
840 2466 997 2537 quaesiuere
1015 2460 1101 2527 deos,
1126 2479 1225 2517 corum
1250 2478 1336 2536 opem
1358 2460 1525 2536 circumspi-

360 2551 490 2618 ciebant,
515 2554 543 2624 1,
562 2552 629 2608 423.
669 2555 814 2626 quaeritur
837 2554 961 2623 serrum,
986 2554 1137 2629 inquiritur
1162 2560 1191 2609 et
1216 2550 1372 2619 iudicatur,
1398 2553 1434 2620 ll,
1453 2556 1526 2620 781;

363 2660 493 2718 quaerero
512 2643 617 2701 horrea
635 2646 732 2711 messi,
752 2646 853 2701 messis
873 2645 971 2721 largae
997 2646 1066 2702 satis
1087 2644 1220 2722 capacia,
1240 2644 1275 2713 V,
1296 2647 1367 2715 276;
1396 2662 1527 2720 quaerere

359 2733 503 2804 Medeam,
523 2736 671 2794 materiam
691 2735 797 2793 fabulis
817 2738 979 2812 anquirere,
1000 2725 1036 2807 V,
1055 2738 1123 2796 466.

321 2846 404 2903 quma
424 2832 581 2898 munimus,
607 2838 742 2905 quantus,
767 2829 790 2899 Ι,
809 2834 847 2887 37
853 2848 862 2902 3
893 2849 978 2906 quum
998 2832 1107 2909 spatio,
1133 2836 1191 2886 tom
1211 2829 1275 2886 luce
1294 2830 1396 2896 minor,
1416 2830 1526 2887 Lucre·

317 2969 319 2972 ,
358 2916 439 2978 'tiana
457 2922 573 2989 locutio,
593 2921 617 2991 l,
637 2925 704 2978 300.
742 2940 827 2996 quum
846 2925 940 2980 breuis
958 2924 1017 2994 liic,
1037 2930 1097 2979 tum
1116 2922 1218 2996 longus
1238 2921 1298 2990 ille,
1317 2921 1366 2991 ΙΙΙ,
1385 2926 1460 2992 230;
1480 2942 1526 2979 re-

358 3014 401 3071 dit
420 3015 504 3070 simili
524 3021 619 3081 auctu,
638 3032 722 3089 quom
742 3010 826 3091 (quo)
848 3024 986 3083 creverat,
1005 3016 1053 3083 ΙΙΙ,
1072 3014 1149 3083 482;

320 3124 490 3184 quamquam
508 3114 675 3176 noscuntur,
693 3106 728 3174 ll,
747 3111 818 3177 707;
840 3111 944 3177 turcus,
962 3108 1009 3178 ΙΙΙ,
1029 3112 1100 3177 3183
1119 3113 1174 3176 our,
1192 3106 1242 3173 Ν,
1261 3108 1318 3163 702
1324 3124 1333 3175 ;
1358 3107 1526 3164 indicativus

359 3198 474 3255 additos
498 3218 556 3255 nou
582 3198 740 3255 dinumero.

320 3293 403 3369 quasi
423 3311 481 3348 non
499 3294 626 3360 timeant,
647 3292 729 3367 quasi
749 3310 806 3348 non
826 3292 888 3347 iure
907 3292 1063 3350 timendum
1085 3295 1129 3361 sit,
1149 3293 1171 3360 Ι,
1190 3296 1257 3350 721.

320 3387 532 3461 qne'structura
551 3386 657 3443 sensim
677 3382 848 3443 deflectente
868 3385 1010 3455 abundat,
1029 3388 1067 3456 V,
1087 3389 1159 3454 327,
1179 3403 1214 3441 ac
1233 3385 1365 3462 saepius,
1392 3385 1469 3443 velut
1494 3385 1526 3454 ll,

359 3483 436 3549 2553
455 3480 493 3545 V,
512 3483 560 3536 71.

252 3626 255 3630 ,
322 3570 457 3648 quidquid
477 3571 496 3627 i.
517 3589 543 3627 e.
568 3577 703 3644 quantum
723 3577 753 3627 te
772 3569 811 3626 ad
830 3569 1041 3646 septentriones
1060 3570 1260 3645 praeverteris,
1278 3570 1326 3637 ΙΙΙ,
1346 3570 1412 3627 324.
1441 3572 1524 3647 quid·

361 3664 430 3740 quid
448 3663 619 3731 fabricetur,
638 3662 689 3731 Ν,
708 3662 781 3733 249;
806 3670 917 3719 contra:
931 3659 1078 3736 ,quidquid
1104 3663 1210 3737 ubique
1232 3663 1301 3719 nitet
1320 3664 1414 3738 vigeat
1435 3684 1524 3739 qutun-

360 3758 459 3835 doquc,
478 3743 635 3813 notandum
655 3765 708 3823 est,
728 3754 750 3824 l,
769 3760 836 3814 808.

321 3855 410 3930 quies,
430 3871 558 3909 somnum
579 3849 738 3918 retinentia,
757 3848 808 3916 Ν,
828 3852 896 3906 899.

321 3964 386 4021 quo,
406 3946 426 4001 i.
446 3964 472 4002 e.
495 3962 592 4021 qnare,
613 3942 666 4010 vel,
688 3942 767 4019 quid,
787 3941 809 4010 l,
829 3941 900 4011 7443
919 3940 970 4007 Ν,
990 3939 1061 4010 402;
1082 3939 1217 3996 utillud:
1257 3940 1325 4007 Quo
1343 3941 1413 3997 milri
1433 3941 1524 3998 fortn-

360 4056 428 4108 nas;
449 4056 554 4114 quoquc
571 4037 606 4104 ll,
619 4039 686 4105 768,
705 4036 746 4091 ita
765 4034 906 4109 intellige:
927 4034 1072 4092 revocanti
1091 4033 1159 4089 milri
1179 4034 1207 4090 in
1228 4042 1288 4091 arte
1310 4031 1460 4110 (versanti,
1475 4035 1526 4103 vel,

361 4133 528 4207 exlegibus
549 4128 631 4206 artis)
652 4148 771 4195 numen,
797 4146 853 4203 quo
874 4127 946 4185 deus
966 4136 1077 4202 regnat.
1117 4126 1189 4183 dens
1210 4135 1255 4184 est
1274 4129 1384 4184 animus
1404 4130 1525 4186 munda·

360 4244 424 4292 nus,
444 4244 549 4281 numen
569 4224 665 4288 diuina
685 4232 824 4279 astrorum
845 4222 984 4299 potentia,
1003 4239 1162 4298 perquam
1182 4220 1277 4275 omnia
1296 4230 1442 4295 reguntur.
1470 4242 1527 4279 non

362 4318 452 4375 semel
470 4309 543 4375 llaec
564 4318 621 4374 duo
643 4315 800 4390 distinguit.
845 4332 954 4389 quoquo
972 4315 1081 4371 intenta
1100 4314 1188 4388 gerit,
1216 4314 1234 4370 i.
1256 4331 1282 4371 e.
1304 4322 1333 4371 et
1353 4313 1426 4388 quod
1446 4317 1527 4390 gerit,

360 4429 403 4479 co,
422 4410 472 4478 Ν,
491 4411 557 4467 240.
696 4475 698 4477 .

324 4524 379 4563 nou
401 4503 473 4579 quod
498 4504 572 4578 (orn.
592 4500 667 4568 sint)
691 4533 730 4543 —
750 4499 798 4557 rod
818 4498 891 4574 quod
910 4533 948 4541 —
973 4485 1136 4570 recedunt,
1153 4500 1180 4568 l,
1200 4497 1266 4556 394.
1311 4500 1434 4568 notavit,
1456 4499 1529 4577 quod

337 4594 496 4655 .Bacclrus
516 4594 605 4652 colles
625 4604 747 4662 amaret,
767 4595 786 4651 i.
807 4614 834 4652 e.
856 4604 1011 4668 quatenus,
1031 4594 1067 4669 ll,
1088 4598 1134 4653 20.
1175 4609 1209 4649 ac
1234 4591 1350 4668 saepius
1375 4596 1527 4672 caparti-

362 4691 426 4747 cula
446 4689 563 4747 liberius
584 4688 679 4755 utitur,
699 4687 736 4743 cs.
757 4686 806 4754 Ν,
828 4689 893 4768 250,
906 4707 971 4764 sqq.
