3700 5609
348 577 409 641 178
703 571 809 641 Lissa
831 573 871 642 V.
916 597 947 640 v.
973 577 1161 642 sat-aas.

408 747 533 815 Mobilis
555 749 586 811 in
607 744 707 811 saltus
729 754 762 810 et
781 766 899 810 scenae
920 735 1048 809 mollior
1069 753 1166 810 actor.

355 876 394 915 ³2⁵
407 858 503 925 Nunc
525 864 676 944 surgente
698 853 783 943 Lyra
807 852 990 921 Testudinis
1015 863 1122 920 enatat
1144 853 1235 919 undis

403 968 529 1050 Forma,
552 989 611 1057 pcr
632 963 784 1031 heredem
806 973 930 1030 tanturn
952 963 1111 1052 postlata
1133 965 1288 1045 sonantis,

408 1080 480 1165 Qua
504 1075 665 1168 quondam
688 1076 892 1163 sonitumque
906 1065 1020 1138 'ferens
1044 1073 1201 1162 Oeagrius
1225 1071 1374 1163 Orpheus

403 1189 445 1254 Et
466 1211 579 1254 sensus
601 1184 741 1274 scopulis
764 1194 795 1251 et
818 1182 905 1248 silvis
930 1179 1049 1247 addidit
1071 1203 1174 1267 aures,

402 1298 444 1364 Et
465 1297 534 1364 Diti
553 1296 700 1363 lacrimas
722 1303 755 1360 et
775 1294 871 1359 morti
894 1291 1032 1381 denique
1054 1288 1159 1359 finem.
1189 1326 1193 1332 ·

355 1407 488 1473 aaoHinc
510 1408 640 1473 venient
661 1404 750 1470 vocis
773 1403 864 1469 dotes
888 1401 1092 1492 chordasque
1113 1407 1267 1486 sonantis,

403 1514 603 1605 Garrulaque
625 1517 657 1580 in
680 1511 828 1579 modulos
851 1515 978 1581 diversa
1000 1514 1074 1580 tibia
1096 1515 1206 1596 farma,
1279 1566 1282 1570 .

400 1625 443 1690 Et
464 1625 677 1715 quodcunque
699 1647 798 1690 manu
819 1623 967 1712 loquitur,
989 1619 1131 1712 llatuque
1151 1634 1319 1708 movetar3

397 1736 454 1803 llle
478 1738 564 1804 dabit
585 1744 698 1803 cantus
717 1736 801 1800 inter
822 1734 970 1799 convivia
992 1731 1103 1814 dirlcis,

389 1848 614 1938 Mulcehitqne
637 1867 716 1912 sono
739 1841 905 1911 Bacchum
926 1852 1121 1932 noctemque
1145 1844 1278 1927 tenebit3

350 1977 388 2015 ³³⁵
402 1958 487 2042 Quin
511 1959 606 2022 etiam
629 1978 723 2021 curas
744 1956 827 2021 inter
848 1963 973 2021 secreta
994 1952 1136 2021 movebit

400 2067 561 2145 Carmina,
583 2067 700 2131 furtivo
724 2056 905 2131 modulatus
927 2087 1091 2130 munnure
1113 2086 1238 2146 vocem,
1302 2088 1305 2094 ·

397 2176 495 2243 Solus
519 2178 641 2263 etipse
664 2198 739 2241 suas
762 2197 890 2264 semper
912 2174 1053 2245 cantabit
1074 2174 1114 2241 ad
1137 2175 1231 2241 auris.

458 2286 542 2353 Hinc
566 2287 702 2352 distante
724 2282 809 2374 Lyra
832 2287 928 2373 (quae
951 2306 1071 2352 cornua
1093 2284 1191 2351 ducet
1212 2284 1252 2353 ad
1273 2296 1369 2370 astra,

397 2394 570 2462 Chelarum
593 2405 704 2484 surget
726 2418 799 2461 cum
821 2417 895 2485 pars
917 2393 1070 2460 vicesima
1093 2401 1207 2481 sexta)

330 2594 363 2648 A.
390 2613 415 2649 v.
430 2595 486 2651 324
507 2604 568 2650 arte
661 2611 685 2648 v.
699 2596 756 2649 326
776 2592 889 2668 prolata
908 2589 1033 2649 tonantis
1123 2612 1149 2649 v.
1163 2598 1220 2652 330
1240 2614 1324 2656 voces
1346 2596 1451 2657 doctae
1470 2600 1523 2657 bel·

387 2670 472 2745 leque
493 2677 626 2727 sonantes
726 2671 819 2726 v.331
844 2687 975 2743 quaem.
1074 2688 1097 2725 v.
1112 2671 1169 2727 334
1188 2679 1346 2749 noctesque
1436 2695 1461 2733 v.
1476 2679 1523 2733 335

387 2746 477 2804 deest.
575 2765 600 2801 v.
614 2749 671 2802 338
692 2747 817 2802 carmine
896 2763 920 2800 v.
936 2747 993 2804 338
1013 2745 1068 2801 Hic
1085 2776 1123 2786 —
1145 2747 1235 2804 altera
1254 2768 1322 2829 pars
1343 2770 1385 2808 vs.
1408 2771 1523 2828 sequen-

386 2825 422 2880 tis
442 2826 472 2880 in
491 2824 575 2891 hunc,
595 2822 679 2879 huius
699 2824 729 2880 in
749 2821 828 2877 illum
847 2821 981 2877 traducta
1001 2830 1053 2879 est.

326 2951 358 3007 S.
383 2969 409 3006 r.
424 2952 481 3009 324
501 2961 562 3009 arte
642 2970 667 3006 v.
682 2953 738 3007 326
758 2948 892 3027 praefata
950 2934 985 3005 r.
999 2952 1056 3007 327
1076 2967 1174 3007 serens
1243 2971 1268 3009 v.
1283 2957 1340 3011 330
1359 2955 1523 3034 Boreaeque

381 3046 407 3082 v.
423 3031 477 3085 331
500 3046 574 3103 quae
596 3048 634 3083 m.
655 3059 692 3069 --
713 3026 825 3084 diverse
844 3057 883 3065 -
902 3024 1007 3082 format
1094 3045 1115 3103 l:
1129 3026 1186 3086 334
1206 3030 1356 3106 noctisque
1434 3054 1460 3092 r.
1474 3038 1523 3093 338

383 3103 461 3159 ducit
539 3124 578 3161 vs.
593 3108 649 3163 339
670 3103 793 3160 collocat
812 3111 879 3180 post
898 3121 940 3158 vs.
955 3105 1021 3160 326.

323 3230 359 3286 Β.
373 3248 399 3284 v.
413 3231 471 3287 324
491 3240 551 3288 arte
648 3250 674 3286 v.
689 3233 745 3287 325
766 3249 843 3307 nepa
946 3248 971 3286 v.
987 3234 1044 3287 327
1063 3240 1243 3306 mentemque
1264 3231 1334 3290 seris
1434 3257 1459 3295 v.
1474 3242 1523 3297 329

311 3360 314 3383 Ι,
379 3306 478 3364 Parcis
498 3338 536 3347 -
554 3306 633 3363 filum
710 3327 736 3363 v.
751 3311 808 3365 330
828 3305 1011 3381 citharaeque
1088 3326 1112 3363 v.
1127 3311 1184 3364 332
1203 3307 1308 3367 flatura
1367 3330 1394 3370 v.
1405 3317 1463 3373 334
1475 3335 1521 3372 no·

379 3393 498 3459 ctesque
575 3403 601 3441 v.
617 3388 674 3443 338
687 3392 717 3442 et
728 3387 775 3451 39,
795 3385 923 3440 inversos
944 3381 1054 3451 ordine,
1075 3383 1160 3440 eiicit.

311 3511 357 3566 V.
378 3525 405 3565 v.
420 3512 476 3567 324
496 3510 608 3568 Nobilis
627 3531 734 3568 omnes.
754 3542 792 3550 —
812 3511 873 3566 irae
891 3510 929 3567 V.
944 3513 969 3567 1.
991 3518 1072 3568 artae
1084 3511 1118 3566 L.
1138 3512 1293 3589 (superam.
1314 3515 1357 3571 ael
1368 3518 1424 3592 tra)
1438 3520 1480 3575 sic
1490 3520 1520 3576 C.

378 3593 459 3643 actor
477 3586 514 3643 V.
528 3591 556 3644 2.
577 3588 640 3662 Ego
661 3588 782 3643 correxi.
884 3606 908 3643 v.
924 3588 980 3645 325
1000 3586 1076 3643 Narh
1097 3606 1161 3644 cnm
1180 3589 1258 3663 Lyra
1276 3590 1390 3650 inversa
1410 3596 1521 3661 oriatur,

378 3662 492 3719 testudo
512 3665 592 3741 prius
615 3682 698 3739 quam
719 3680 826 3718 cornua
846 3664 1068 3740 conspiciuntur.
1114 3664 1203 3731 Quod
1222 3664 1289 3740 quia
1307 3665 1405 3726 Bentl.
1448 3690 1521 3728 arum

309 3796 311 3799 ,
378 3741 493 3807 curarit,
513 3742 541 3796 in
561 3759 681 3816 magnos
702 3738 807 3796 deinde
828 3757 940 3796 errores
961 3738 1069 3796 incidit.
1134 3758 1160 3796 v.
1173 3744 1229 3798 326
1247 3742 1384 3816 praelata
1399 3690 1476 3808 Vll.
1488 3747 1519 3805 C.

376 3816 511 3889 praefato
529 3817 564 3875 L.
595 3828 660 3893 post
678 3816 745 3889 fata
764 3816 800 3871 V.
813 3818 842 3871 2.
959 3835 984 3871 v.
1001 3819 1057 3874 327
1076 3818 1252 3892 sonitumque
1270 3818 1355 3876 etiam
1375 3821 1414 3881 V.
1425 3827 1454 3881 2.
1484 3824 1520 3883 Ut

374 3892 485 3960 Bentl.,
506 3895 546 3950 ita
566 3894 622 3949 iarn
643 3902 708 3951 ante
730 3912 793 3950 eum
814 3892 843 3947 in
862 3899 934 3948 nott.
954 3911 1024 3949 mss.
1042 3893 1076 3950 P.
1097 3893 1245 3949 Francius.
1324 3914 1349 3953 v.
1364 3899 1424 3957 330
1442 3919 1519 3958 aooaa

376 3968 452 4026 dotis
471 3971 508 4026 V.
519 3974 547 4027 2.
568 4001 606 4011 -
626 3969 777 4045 boreaeque
788 3969 823 4024 L.
839 3969 875 4024 V.
890 3973 917 4026 1.
934 3968 968 4025 C.
989 3983 1027 4009 ³—
1048 3969 1199 4045 horeneqae
1217 3971 1254 4029 V.
1267 3975 1296 4030 2.
1315 3972 1379 4049 Ego
1402 3978 1517 4035 correxi.

373 4063 399 4102 v.
414 4049 467 4104 331
494 4049 530 4104 G.
561 4065 631 4122 quoe
649 4046 724 4104 mod.
744 4064 853 4102 ornnes.
874 4064 947 4102 corr.
970 4046 1006 4102 ls.
1026 4047 1112 4103 Voss.
1134 4056 1163 4103 et
1181 4045 1217 4103 B.
1314 4067 1340 4107 v.
1353 4054 1413 4110 333
1432 4052 1518 4111 dulcia

373 4141 481 4180 ornnes.
559 4142 584 4181 v.
600 4124 657 4180 334
676 4128 836 4196 noctemque
855 4122 891 4178 V.
903 4126 931 4178 2.
1011 4141 1036 4178 v.
1052 4126 1108 4179 337
1128 4121 1238 4181 adtacta
1257 4124 1294 4182 V.
1304 4128 1332 4182 2.
1413 4133 1517 4189 issae

372 4197 490 4256 alteram
517 4219 557 4257 vs.
585 4199 731 4274 sequentis
756 4207 868 4275 partem
887 4199 916 4254 in
936 4198 1025 4267 hunc,
1051 4198 1134 4255 huius
1155 4199 1186 4254 in
1205 4199 1285 4256 illum
1305 4220 1405 4262 omnes
1425 4214 1515 4266 traaa-

369 4274 473 4332 l'erunt.
513 4277 621 4333 Verum
649 4275 779 4331 ordinem
803 4274 891 4331 habet
914 4274 1008 4342 Scah,
1035 4293 1207 4350 quamquam
1231 4276 1312 4353 ipsos
1336 4295 1440 4339 versus
1464 4301 1516 4339 non

371 4359 449 4405 recte
471 4350 612 4409 distraxit.
697 4368 724 4407 r.
738 4354 796 4408 338
815 4353 871 4406 Hic
890 4366 1004 4423 omnes3
1031 4350 1084 4408 sed
1104 4352 1139 4407 L.
1161 4370 1179 4407 a
1198 4370 1288 4422 corr.;
1307 4352 1420 4424 fuerat,
1446 4362 1516 4416 fflna

370 4454 408 4512 —7
428 4424 508 4483 diicat
527 4428 595 4500 (sed
615 4428 693 4486 duait
711 4427 748 4483 V.
758 4426 802 4499 2.)
823 4445 931 4483 ornnes.
959 4457 998 4467 -
1025 4427 1165 4507 Epilogus
1184 4436 1243 4495 est,
1272 4430 1381 4489 utiam
1403 4433 1452 4494 Fr.
1473 4435 1513 4491 lu·

369 4518 433 4555 mus
453 4502 536 4568 vidit,
560 4522 658 4561 eorum
685 4521 759 4579 quae
806 4503 914 4559 roxime
941 4511 1164 4561 antecesserunt.
1204 4504 1300 4571 Quum
1320 4508 1398 4565 enim
1418 4527 1456 4567 ex
1475 4510 1512 4567 al·

366 4582 430 4632 tera
450 4575 603 4634 Chelarum
623 4590 715 4658 parte,
734 4597 774 4635 un
795 4597 811 4635 e
831 4579 908 4653 Lyra
928 4580 998 4636 satis
1017 4580 1103 4654 longo
1124 4579 1211 4636 distat
1219 4581 1381 4652 intervallo,
1397 4585 1438 4642 ad
1448 4605 1512 4666 par-

366 4652 564 4709 temalteram
583 4656 788 4713 transeundum
812 4655 863 4724 sit,
889 4655 937 4712 ubi
961 4654 1083 4735 Scorpio
1107 4656 1238 4735 proxima
1260 4658 1319 4718 Ara
1344 4670 1405 4733 est,
1429 4666 1512 4723 verbo

366 4728 436 4789 illuc
454 4729 577 4789 vocandi
597 4739 679 4791 erant
696 4732 829 4794 lectores.
859 4741 861 4748 '
