3700 5609
317 586 357 650 14
708 582 812 652 Lassa
835 583 856 650 Ι.
900 608 931 650 v.
955 593 1143 651 266-277,

379 756 470 841 Quos
492 756 636 844 sequitur
658 755 800 834 Cancer,
828 753 991 821 Cancrum
1012 751 1097 833 Leo,
1129 752 1230 841 Virgo
1252 750 1416 832 Leonem;

379 867 525 953 Aequato
548 873 615 928 tum
637 862 732 930 Libra
754 863 805 930 die
828 886 902 929 curu
924 873 1071 951 tempore
1092 862 1196 928 noetis

379 972 517 1038 Attrahit
539 972 662 1038 ardenti
684 972 859 1064 fulgentem
881 973 1039 1060 Scorpion
1063 979 1159 1037 astro.

378 1082 414 1149 ln
437 1084 526 1149 errius
550 1082 687 1149 caudam
709 1092 860 1149 contento
885 1082 990 1171 dirigit
1012 1102 1089 1147 areu

332 1213 371 1252 270
383 1192 503 1260 Mixtus
527 1214 620 1281 equo,
642 1190 808 1257 volucrem
830 1193 986 1257 missurus
1008 1191 1138 1280 iamque
1159 1192 1317 1279 sagittam.

381 1302 468 1369 Tum
489 1302 577 1367 venit
598 1308 734 1388 angusto
758 1300 975 1392 Capricornus
996 1299 1101 1366 sidere
1124 1299 1244 1381 flexus;

380 1412 460 1478 Post
481 1410 566 1475 hunc
586 1409 739 1476 inflexam
761 1409 905 1476 defundit
926 1410 1085 1499 Aquarius
1109 1433 1232 1490 urnam,

383 1521 530 1586 Piscibus
555 1527 699 1585 assuetas
722 1520 814 1586 avide
837 1519 1045 1586 subeuntibus
1067 1521 1180 1599 undas,

385 1630 475 1715 Quos
498 1630 589 1694 Aries
613 1628 715 1715 tangit
736 1627 892 1694 eludentis
915 1628 1025 1695 ultima
1048 1630 1148 1717 signa.

331 1759 370 1798 aas
446 1738 544 1828 Atqui
566 1735 714 1825 fulgentis
737 1736 827 1805 caelo
851 1759 926 1803 cunr
948 1738 1051 1826 surgis
1075 1737 1116 1803 ad
1138 1738 1264 1818 Arctos,
1285 1776 1328 1786 -

383 1849 499 1914 Omnia
522 1871 605 1937 quae
626 1869 752 1914 summo
777 1847 966 1935 despectant
986 1845 1090 1912 sidera
1114 1845 1216 1925 caelo,

382 1957 454 2024 Nee
476 1966 595 2022 norunt
615 1956 729 2036 obitus,
751 1978 880 2045 unoque
902 1956 935 2022 in
957 1957 1086 2035 vertice,
1108 1965 1232 2021 tantum

321 2133 354 2186 A.
383 2149 407 2186 v.
421 2063 478 2186 269
499 2137 662 2185 contentum
681 2161 719 2169 -
740 2146 837 2184 arcum
915 2146 942 2182 v.
957 2131 1014 2185 272
1034 2125 1169 2183 diffundit
1242 2147 1267 2184 s.
1282 2128 1339 2188 274
1357 2128 1522 2186 claudentes

379 2226 405 2263 r.
419 2209 475 2263 275
496 2205 641 2279 consurgit

217 1474 227 1502 1

320 2318 352 2373 S.
379 2335 403 2372 v.
417 2315 475 2373 274
495 2314 661 2371 claudentes
725 2331 749 2368 v.
764 2315 820 2369 275
840 2313 876 2367 Ar
892 2313 1145 2389 qui-consurgit
1204 2332 1227 2369 v.
1239 2317 1294 2372 276
1309 2312 1404 2370 sidera
1418 2314 1523 2370 mundo

320 2427 355 2483 B.
381 2444 407 2482 v.
420 2430 477 2484 269
497 2432 659 2481 contentum
673 2441 818 2479 -arcum
905 2440 931 2478 v.
946 2427 1003 2480 270
1023 2424 1080 2479 iarn
1098 2423 1212 2479 mittens
1232 2423 1346 2496 iamque
1366 2424 1498 2497 sagittam

379 2521 405 2560 v.
419 2505 470 2558 271
502 2500 596 2556 sidere
629 2500 737 2573 trigens
872 2518 898 2554 v.
916 2500 973 2555 274
1006 2498 1172 2556 claudentes
1202 2508 1269 2576 post
1293 2517 1335 2554 vs.
1356 2499 1414 2556 274
1444 2500 1525 2575 ponit

379 2598 435 2635 vss.
450 2580 618 2642 532-38,
645 2577 712 2650 quia
732 2573 843 2648 aequali
863 2581 956 2631 tractu
982 2575 1185 2652 interpretatur
1204 2575 1320 2649 aequali
1337 2576 1440 2652 spatio.
1482 2584 1526 2632 est

380 2664 475 2711 autem
495 2672 594 2708 cursus
614 2659 708 2706 certus
728 2668 822 2724 neque
843 2665 967 2725 unquam
988 2652 1133 2716 aberrans,
1155 2659 1186 2705 ut
1205 2669 1244 2706 rs.
1256 2653 1322 2708 537.
1381 2669 1406 2707 r.
1417 2655 1474 2709 275
1489 2656 1526 2707 At

380 2748 486 2806 qua-
497 2730 640 2802 consurgit
698 2745 724 2782 v.
737 2730 794 2784 276
816 2745 890 2801 quae
902 2745 918 2783 e
930 2757 968 2765 —
980 2725 1034 2781 sid.
1042 2726 1148 2782 mundo
1207 2746 1232 2783 v.
1245 2731 1302 2786 277
1312 2737 1341 2785 et
1348 2731 1387 2786 78
1406 2728 1525 2784 inducit.

323 2843 360 2899 V.
381 2851 440 2897 tum
459 2836 594 2894 humilem
615 2855 666 2892 nos
687 2844 809 2903 vocarret,
830 2835 881 2891 sed
903 2854 991 2891 novus
1012 2852 1100 2911 saepe
1119 2836 1197 2892 Man.
1218 2844 1272 2892 est.
1311 2836 1469 2893 Masculam
1489 2838 1524 2892 li·

379 2917 505 2974 bidinem
523 2913 601 2987 tangi
622 2913 666 2967 vix
686 2910 815 2983 credam;
837 2908 1008 2987 quamquam
1028 2929 1093 2967 eam
1107 2915 1262 2969 verbanon
1278 2922 1425 2990 spernunt.
1459 2932 1527 2970 nara

380 2994 471 3049 oritur
493 2999 591 3046 taurus
618 3007 751 3057 usmetis,
779 2987 1105 3062 etcr·.1v,518sqq.;
1130 3006 1185 3044 nec
1209 2988 1344 3046 abhorret
1368 2990 1403 3044 ab
1432 3006 1469 3045 ea
1494 3009 1526 3046 re

379 3068 548 3135 submittere,
567 3074 597 3123 et
614 3064 723 3123 habitat
742 3063 793 3121 rub
811 3064 908 3136 fronte
928 3063 1041 3140 cupido,
1061 3072 1093 3119 ut
1112 3064 1149 3121 de
1170 3064 1272 3121 eodem
1293 3065 1333 3121 ait
1343 3063 1469 3131 lV,l5t.
1488 3065 1525 3122 cl.

381 3143 495 3212 1Ῑ,140.
536 3142 569 3199 Si
589 3141 652 3216 quis
671 3142 746 3197 hanc
766 3142 1028 3218 interpretationem
1048 3141 1203 3218 praeferat,
1224 3142 1526 3220 ooeouteminterpre-

379 3222 501 3287 tabitur,
525 3218 698 3273 inritantem.
804 3234 830 3272 v.
847 3220 903 3273 268
928 3215 1067 3284 attrabit,
1093 3217 1160 3291 quia
1183 3216 1296 3296 Scorpii
1322 3216 1526 3274 dodeeatemo-

381 3298 445 3353 rion
464 3297 493 3351 in
513 3294 601 3350 Libra
621 3292 729 3360 linitur,
755 3292 833 3347 unde
854 3291 1009 3349 Chelarum
1031 3292 1145 3350 nomine
1172 3294 1258 3349 etiam
1278 3294 1366 3349 Libra
1390 3293 1526 3369 intelligi·

380 3382 435 3430 tur.
456 3370 534 3429 Scal.
611 3387 637 3424 v.
651 3372 708 3426 269
729 3366 847 3442 diripere
866 3368 996 3424 absolute
1017 3367 1053 3423 cs.
1066 3367 1115 3435 lV,
1127 3371 1194 3425 323.
1208 3368 1296 3426 Salm.
1309 3369 1346 3426 ad
1358 3369 1438 3426 Flar.
1448 3371 1526 3447 Vop.

382 3471 407 3507 e.
419 3455 465 3508 19.
485 3446 591 3525 Appul.
611 3444 682 3501 Met.
701 3444 723 3511 l,
743 3463 773 3522 p.
791 3448 844 3501 131
867 3444 914 3500 ed.
936 3442 1073 3501 Oudend.
1157 3463 1184 3500 r.
1197 3450 1255 3503 270
1275 3446 1370 3521 cogita
1390 3445 1528 3503 Centauri

382 3525 606 3600 antiquissimam
624 3520 752 3596 figuram,
770 3520 869 3578 Erath.
884 3524 932 3578 28.
955 3504 1057 3587 Οὗτος
1076 3512 1104 3576 d‘
1125 3513 1202 3594 ἀνὴρ
1224 3513 1265 3577 ὢν
1286 3517 1376 3594 σκέλη
1397 3514 1457 3595 ἕχει
1474 3518 1527 3576 ‘in-

383 3619 444 3658 που
464 3596 514 3654 καὶ
534 3597 641 3670 κέρκον
660 3590 804 3670 adduam
825 3590 853 3651 oi
880 3588 1020 3669 σάτυροι.
1059 3596 1131 3653 illud
1154 3600 1266 3673 tumque
1289 3605 1388 3676 aperte
1407 3598 1528 3669 falsum,

386 3677 519 3735 auxilium
545 3674 686 3751 proelire3
712 3674 818 3731 scribe:
843 3673 985 3729 volucrem
1010 3674 1148 3729 missurus
1176 3674 1291 3752 iamque
1316 3675 1447 3750 sagittam
1474 3683 1528 3732 est.

382 3752 549 3812 Metathesis
569 3751 599 3806 in
619 3768 671 3826 que
688 3749 837 3806 familiaris
847 3748 976 3806 Manilio.
1055 3768 1080 3805 r.
1095 3753 1148 3807 271
1171 3756 1289 3839 snperato
1303 3748 1358 3806 sid.
1378 3751 1445 3825 quia
1459 3751 1527 3809 bre·

382 3831 497 3887 sissima
517 3820 710 3900 dorpottsor'u
730 3836 787 3883 est:
808 3824 846 3882 cs.
867 3826 978 3894 11,252.
999 3823 1105 3897 temes,
1131 3826 1160 3881 in
1183 3843 1292 3903 piscem
1319 3825 1468 3893 desinens,
1489 3827 1527 3883 cs.

382 3908 432 3976 lV,
443 3905 509 3964 294.
531 3904 665 3961 Caesaris
686 3920 757 3959 aevo
777 3902 807 3957 id
827 3903 969 3959 inventum
990 3904 1088 3960 tribuit
1107 3902 1192 3958 Voss.
1214 3901 1253 3958 ad
1272 3903 1349 3957 Arat.
1370 3902 1436 3960 284.
1468 3904 1530 3960 Sed

383 3987 438 4041 iam
458 3980 663 4038 Eratosthenes
687 3985 819 4044 noverat,
845 3977 882 4034 cf.
904 3997 929 4033 c.
940 3982 987 4037 27.
1007 4010 1045 4019 -
1071 3976 1209 4052 diffundit
1229 3978 1264 4034 L.
1286 3978 1324 4033 G.
1346 3978 1380 4034 C.
1405 3978 1531 4050 interstetit

382 4062 420 4118 V.
432 4064 460 4128 1,
471 4062 499 4115 2.
521 4076 593 4113 corr.
605 4055 700 4123 Scal.;
719 4055 814 4110 haurit
833 4052 1069 4130 effusarnaquam
1086 4056 1174 4133 piscis
1190 4055 1293 4111 notius.
1352 4072 1377 4111 v.
1389 4055 1447 4112 274
1467 4055 1529 4112 ctu·

384 4136 476 4195 dentis
495 4135 530 4191 L.
551 4131 676 4189 laedentia
696 4130 732 4186 V.
747 4134 773 4196 1,
789 4134 816 4187 2.
905 4149 931 4187 r.
946 4135 1002 4189 275
1024 4134 1167 4204 consurgit
1187 4148 1294 4187 omnes.
1323 4130 1386 4206 Ego
1407 4132 1527 4188 correxi.

383 4233 409 4270 r.
422 4216 478 4271 276
499 4208 604 4269 arundo
624 4209 658 4264 L.
680 4208 717 4263 G.
738 4206 773 4263 C.
794 4207 872 4265 eaelo
892 4208 930 4265 V.
948 4213 974 4275 1,
987 4210 1015 4264 2.
1102 4225 1128 4262 r.
1142 4211 1198 4265 277
1217 4213 1348 4276 tuntum,
1368 4216 1400 4263 ut
1418 4207 1529 4276 Bentl.,

383 4291 514 4345 vitiosum
534 4286 641 4355 habeo;
660 4283 691 4340 id
711 4283 795 4340 etiam
815 4286 955 4351 vitiosum,
976 4288 1006 4340 in
1026 4284 1130 4340 vertice
1150 4291 1293 4357 torquent.
1321 4285 1445 4359 corrigo:
1467 4285 1531 4342 Nec

384 4372 489 4421 nonant
501 4362 603 4428 obitus,
616 4378 731 4435 unoque
744 4360 774 4415 in
792 4362 898 4417 vertice
918 4359 1063 4416 scendunt
1082 4360 1111 4414 in
1126 4358 1238 4417 diversa
1258 4362 1340 4428 sitae,
1361 4359 1531 4435 caelumque

385 4449 414 4497 et
434 4438 488 4495 sid.
509 4446 652 4512 torquent.
679 4434 824 4493 Seustdere
843 4444 872 4492 et
891 4437 919 4491 in
941 4436 1014 4491 ursis
1035 4444 1064 4493 et
1083 4435 1112 4490 in
1131 4453 1163 4491 re
1183 4436 1315 4513 proprie3
1335 4454 1370 4491 ac
1388 4435 1530 4492 familiare

385 4513 646 4580 Man.verbum,ef.
659 4514 760 4582 1,372;
779 4512 912 4581 lV,536;
931 4512 964 4580 ll,
975 4514 1041 4569 870.
1074 4510 1181 4567 Veram
1202 4512 1287 4568 etiarn
1308 4530 1412 4569 censeo
1432 4530 1530 4569 ernen-

386 4593 530 4649 dationem
549 4589 593 4645 Jo.
614 4588 769 4645 Schraderi
793 4589 823 4644 in
842 4588 961 4645 Advers.
989 4606 1055 4645 mss.
1083 4604 1157 4662 quae
1181 4586 1310 4645 Berolini
1336 4596 1530 4644 asservantur:

386 4668 553 4741 caelumque
573 4673 603 4723 et
622 4664 718 4722 sidera
738 4671 869 4740 torquens
886 4696 924 4705 —
944 4665 1021 4722 Axis.
1062 4663 1111 4721 Sic
1131 4662 1251 4721 molesta
1271 4664 1453 4742 parenthesis
1474 4664 1530 4720 tol-

386 4746 453 4802 litur
470 4752 501 4801 et
521 4740 613 4800 lenius
632 4740 764 4818 procedit
783 4741 883 4797 oratio.
