3700 5609
321 614 364 679 so
698 607 805 679 77777
825 608 861 678 tt.
903 634 934 677 v.
958 620 1019 678 777
1031 618 1153 675 -eoo,

384 782 564 869 Quaeritur,
585 780 659 848 hinc
681 790 776 864 artes,
797 780 870 848 hinc
893 782 997 848 omnis
1020 779 1172 847 convenit
1194 799 1289 859 usus3
1310 812 1355 824 -

384 892 477 957 Tunc
500 891 628 957 demum
651 894 815 981 consurgit
836 916 928 982 opus,
951 915 1026 958 cum
1049 898 1166 958 cuncta
1188 894 1372 979 supersunt,

381 1002 433 1070 Ne
455 1002 577 1067 medios
598 1011 725 1091 rumpat
748 1024 860 1067 cursus
882 1012 1091 1094 praepostera
1114 1022 1206 1080 cura;

384 1111 438 1177 Sic
460 1110 537 1176 mihi
559 1114 720 1178 cunctanti
743 1121 850 1179 tantae
873 1112 1049 1179 succedere
1072 1110 1151 1177 moli

334 1240 372 1282 rsa
385 1222 532 1288 Materies
553 1223 691 1311 primum
713 1244 829 1302 rerum,
853 1224 976 1290 ratione
997 1231 1132 1303 remota,

384 1330 555 1398 Tradenda
577 1340 635 1412 est,
657 1334 737 1398 ratio
761 1334 801 1396 sit
822 1355 865 1399 ne
886 1342 962 1423 post
980 1334 1078 1413 irrita,
1100 1354 1184 1398 neve

381 1442 579 1531 Argumenta
597 1444 690 1508 novis
712 1452 863 1531 stupeant
883 1444 1049 1510 nascentia
1070 1441 1177 1507 rebus.

444 1552 530 1641 Ergo
554 1574 622 1641 age,
644 1552 814 1619 noscendis
837 1555 979 1619 animum
1002 1573 1161 1641 compone
1182 1569 1334 1638 sagacem

384 1661 581 1743 Cardinibus,
604 1663 658 1751 qui
679 1685 738 1752 per
760 1663 917 1730 mundum
938 1672 1013 1729 sunt
1034 1668 1186 1751 quattuor
1208 1681 1321 1726 omnes

333 1772 538 1863 mDispositi
560 1795 689 1861 semper
709 1782 898 1864 mutantque
919 1771 1061 1839 volantia
1083 1772 1182 1860 signa.

379 1884 474 1951 -Unus
498 1882 537 1950 ab
560 1892 675 1950 exortu
698 1882 778 1949 caeli
798 1884 960 1949 nascentis
981 1885 1014 1948 in
1037 1881 1158 1962 orbern,

384 1995 457 2079 Qua
485 1995 623 2083 pn'mum
652 2002 754 2058 terras
782 1992 907 2084 aequali
936 1992 1036 2058 limite
1058 1993 1176 2072 eenrit3

384 2104 472 2171 Alter
494 2103 533 2169 ab
556 2104 691 2169 adversa
709 2103 906 2191 respondens
931 2101 1067 2169 aetheris
1090 2125 1156 2183 ora,

384 2215 479 2283 Unde
501 2214 581 2301 fugit
602 2212 739 2280 mundus
761 2234 981 2303 praecepsque
1001 2214 1033 2279 in
1056 2222 1174 2279 tartara
1197 2212 1307 2280 tendit.

334 2325 513 2393 sestertius
535 2322 656 2391 excelsi
678 2324 783 2412 signat
804 2324 939 2413 vestigia
962 2322 1052 2405 caeli,

384 2435 457 2519 Quo
481 2435 623 2500 defessus
645 2433 734 2521 equis
757 2432 908 2499 Phoebus
932 2433 1072 2500 subsistit
1094 2430 1225 2514 anhelis,

381 2544 595 2631 Declinatque
618 2543 701 2608 diem
723 2541 911 2633 mediasque
934 2544 1098 2609 examinat
1118 2542 1258 2609 umbras.

382 2652 449 2719 lma
470 2660 558 2718 tenet
580 2661 710 2741 quartus
732 2652 864 2718 fundato
886 2650 1000 2717 nobilis
1023 2653 1109 2735 orbe,

383 2760 419 2828 ln
443 2784 506 2853 quo
528 2762 719 2852 principium
742 2770 792 2828 est
812 2762 942 2841 reditus,
964 2759 1098 2852 finisque
1121 2763 1257 2829 cadendi

336 2872 563 2954 assidentes,
585 2874 768 2963 pariterque
790 2894 925 2939 occasus
949 2873 1051 2937 eemit
1073 2884 1105 2939 et
1128 2884 1226 2941 ortus.

384 2984 475 3051 Haec
497 2983 570 3049 loca
591 2984 781 3072 praecipuas
801 2983 887 3048 vires
909 3004 1117 3075 summosque
1135 3008 1194 3075 per
1217 2994 1319 3052 artem

385 3093 539 3160 Fatorum
560 3094 692 3159 effectus
714 3094 864 3174 referunt,
888 3092 974 3181 quod
997 3103 1081 3159 totus
1104 3096 1219 3162 inillis

384 3203 504 3271 Nititur
526 3201 682 3270 aethereis
703 3201 802 3269 veluti
825 3202 1035 3292 compagibus
1058 3204 1152 3272 orbis.

384 3313 480 3398 Quae
500 3312 562 3379 nisi
582 3314 745 3401 perpetuis
768 3309 890 3378 alterna
913 3321 999 3380 sorte
1021 3313 1186 3383 volantem

334 3440 373 3481 8¹1⁶
387 3411 541 3489 Cursibus
565 3424 735 3512 excipiant,
757 3431 950 3514 nectantque
971 3423 1004 3489 in
1026 3424 1164 3509 vincula,
1185 3426 1259 3492 bina

384 3532 450 3599 Per
469 3530 580 3614 latera,
604 3542 700 3623 atque
721 3534 821 3600 imum
841 3532 962 3623 templi,
985 3557 1210 3625 summumque
1225 3558 1400 3623 cacumen,

383 3640 565 3709 Dissociata
587 3642 673 3708 fluat
686 3642 827 3710 resoluto
850 3641 998 3711 machina
1019 3645 1150 3735 mundo.
1224 3721 1226 3726 ‚

448 3752 515 3819 Sed
538 3751 663 3820 diversa
685 3762 793 3819 tamen
814 3754 863 3819 vis
886 3762 936 3819 est
955 3757 988 3821 in
1012 3756 1140 3823 cardine
1162 3778 1300 3850 qnoque,

388 3861 432 3930 Et
451 3885 510 3955 pro
533 3872 619 3932 sorte
640 3862 704 3932 loci
725 3864 851 3931 variant
872 3873 969 3956 atque
990 3866 1100 3934 ordine
1122 3863 1248 3936 distant.
1310 3926 1316 3948 ·‚

320 4090 488 4151 7.·7784
498 4089 632 4147 tractanti
709 4092 805 4147 7792
826 4089 913 4147 creuit
996 4107 1023 4145 7.
1038 4083 1099 4149 796
1113 4090 1249 4150 habenis
1314 4092 1520 4197 7777777177

321 4219 472 4279 Sator
492 4218 606 4275 huc-
624 4216 681 4273 hue
758 4220 855 4276 7792
875 4217 935 4284 Qui
1012 4236 1037 4273 7.
1051 4221 1107 4277 795
1127 4219 1243 4296 fastigia

319 4337 473 4404 Β.7.781
493 4346 607 4404 huc-
625 4346 682 4404 buc
758 4349 855 4405 7792
875 4346 935 4414 Qui
1011 4349 1107 4405 7795
1127 4345 1273 4438 fastigia
1327 4331 1431 4410 7797
1442 4342 1521 4407 Dis·

324 4453 328 4474 ·.
380 4422 583 4499 cernitque—
602 4423 829 4500 mediasque-
847 4421 933 4479 horas
1012 4426 1109 4481 r.803
1129 4426 1253 4484 aeternis

320 4546 472 4610 v..v781
502 4550 689 4621 Quaeritur
680 4572 698 4609 1.
724 4569 751 4609 e
776 4549 927 4625 inquiritur
952 4549 1077 4625 quodam
1107 4549 1193 4607 modo
1216 4550 1325 4609 'ferrum
1347 4561 1378 4610 et
1402 4510 1525 4630 erigitur

321 4641 432 4708 per
450 4635 519 4684 nota
536 4635 772 4704 temperamenta.
791 4626 914 4683 bino-
934 4624 999 4683 bino
1020 4644 1127 4685 omnes.
1211 4632 1309 4688 7792
1331 4630 1396 4700 Quo
1416 4641 1523 4686 munes.

320 4715 328 4732 '
375 4709 428 4842 qur
450 4704 488 4761 G.
596 4706 690 4763 7795
710 4706 831 4778 serapte
849 4720 957 4759 omnes.
1064 4723 1089 4761 7.
1102 4706 1160 4762 796
1179 4703 1298 4763 bubonis
1318 4723 1466 4809 omnes.
1451 4713 1524 4766 corr.

402 4781 457 4843 c'al.
535 4779 884 4841 r.7..97ondoth2
908 4778 1131 4841 (7777777771.
1152 4780 1190 4841 G.
