3700 5609
377 592 440 660 194
744 584 850 654 Lm
871 584 912 654 V.
945 608 988 650 .v.
1012 590 1203 650 656-678.

439 760 468 828 Ε
489 782 595 849 penna
617 767 649 825 et
669 757 812 846 pendens
833 752 989 844 populum
1011 750 1187 843 suspendet
1208 748 1247 816 ab
1268 748 1349 839 ipset
1369 765 1462 814 aare:
1501 769 1510 806 s

439 868 550 936 Laeva
572 867 629 934 sub
653 844 803 937 eitrenis
826 873 1025 955 consurgunt
1045 862 1150 929 sidera
1171 860 1246 927 Ceti
1514 903 1517 910 ·

438 979 594 1059 Piscibus,
616 974 853 1047 Andromedam
873 983 974 1062 ponto
998 971 1153 1062 caeloque
1174 971 1346 1061 sequentis.

441 1088 513 1155 Hoc
536 1078 631 1156 trahit
650 1088 683 1151 in
704 1082 941 1173 pelagiicaedis
964 1090 996 1148 et
1015 1082 1150 1148 vulnera
1171 1090 1263 1147 natos

391 1197 646 1287 nosquamigen·
667 1193 948 1282 gregimextentis
970 1191 1120 1281 laqueare
1143 1189 1339 1280 profundum
1439 1262 1450 1284 ι

441 1306 584 1387 Retibus,
607 1314 640 1371 et
660 1312 795 1393 pontum
813 1300 926 1372 vinciis
949 1324 1074 1366 armare
1096 1302 1271 1381 surente1n3

381 1497 387 1510 .
441 1414 484 1480 Et
504 1413 592 1480 velut
613 1416 645 1479 in
667 1412 742 1478 laxa
765 1385 1058 1499 securaa'acquore
1081 1408 1202 1499 phocas

442 1525 633 1600 Carceribus
654 1520 806 1611 claudent
826 1522 909 1586 raris
929 1528 961 1586 et
982 1520 1141 1609 compede
1160 1527 1305 1601 nectent,

441 1631 655 1723 lncautosque
676 1628 802 1696 trahent
823 1629 1023 1696 macularum
1044 1631 1174 1696 nomine
1197 1628 1351 1717 thynnos;

393 1744 515 1812 arNee
539 1744 664 1833 cepisse
685 1749 735 1806 sat
757 1749 820 1823 est;
841 1740 1004 1807 luctantur
1025 1762 1161 1830 corpora
1181 1738 1284 1819 nodis,

442 1854 704 1942 Exspectantque
726 1874 827 1917 novas
850 1852 946 1932 acies,
967 1852 1115 1939 ferroque
1137 1857 1301 1929 necantur,

443 1961 646 2052 Inficiturque
668 1983 726 2027 suo
749 1963 926 2050 permixtus
949 1961 1104 2049 sanguine
1126 1967 1254 2048 pontus.

443 2071 529 2137 Tum
552 2096 688 2162 quoque,
706 2094 782 2137 eum
803 2080 870 2136 toto
893 2071 1060 2135 iacuerunt
1081 2068 1173 2135 litore
1194 2067 1344 2157 praedae,

440 2179 551 2246 Altera
573 2178 606 2245 [it
628 2180 735 2246 caedis
757 2179 887 2261 caedes;
909 2179 1097 2262 scinduntur
1118 2180 1150 2244 in
1172 2187 1260 2244 artus

392 2307 431 2349 aro
444 2290 590 2379 Corpora
611 2298 643 2354 et
666 2313 707 2355 ex
727 2311 791 2355 uno
812 2289 920 2356 varius
943 2288 1131 2356 describitur
1151 2306 1239 2354 usus.

442 2397 499 2465 Illa
522 2398 602 2463 datis
624 2396 737 2462 melior
759 2400 853 2478 sucis,
876 2421 949 2487 pars
971 2397 1025 2463 illa
1046 2398 1193 2479 retentis,

441 2505 525 2572 Hinc
547 2507 651 2572 sanies
671 2508 811 2595 pretiosa
832 2508 909 2587 fluit,
931 2508 1107 2597 floremque
1130 2508 1250 2574 cruoris

441 2612 581 2696 Evomit,
604 2624 637 2680 et
657 2616 757 2682 mixto
781 2626 911 2705 gustum
933 2615 1000 2682 sale
1023 2618 1274 2705 temperaturis
1327 2697 1329 2702 ,

440 2719 498 2790 Illa
519 2725 620 2814 putris
640 2724 732 2791 turba
755 2735 819 2806 est,
841 2734 965 2815 strages
988 2725 1191 2791 confunditur
1213 2726 1327 2807 omnis,

392 2833 686 2926 ⁶⁷⁶Permisoetque
708 2858 782 2901 suas
805 2834 926 2901 alterna
949 2836 981 2899 in
1004 2835 1120 2912 damna
1141 2834 1269 2925 figuras,

443 2944 722 3035 Communemque
743 2944 820 3010 cibis
843 2968 937 3010 usum
961 2965 1137 3034 sucumque
1160 2923 1324 3012 ministrat.

443 3054 509 3119 Aut
531 3077 606 3120 cum
627 3054 774 3121 caeruleo
797 3055 884 3121 stetit
904 3056 974 3146 ipsa
996 3053 1154 3119 simillima
1175 3061 1275 3143 ponto

445 3160 692 3253 Squamigerum
713 3165 825 3245 nubes,
847 3165 1004 3254 turbaque
1027 3163 1197 3232 immobilis
1218 3162 1340 3247 haeret,

379 3420 414 3481 A.
438 3436 465 3477 r.
480 3422 535 3479 656
554 3418 705 3497 Apennino
724 3415 826 3498 petens
942 3411 1035 3481 v.'661
1059 3432 1226 3499 sequentem
1340 3444 1365 3481 v.
1380 3428 1436 3481 662
1455 3424 1514 3481 lato

436 3515 463 3552 v.
477 3499 533 3552 663
553 3505 660 3552 nexant
793 3516 818 3553 v.
834 3497 891 3555 664
911 3499 1027 3555 trahunt
1044 3533 1082 3541 —
1101 3502 1204 3558 vimine
1324 3520 1351 3560 r.
1365 3506 1421 3561 668
1442 3502 1535 3558 Totus
1558 3521 1584 3559 c.

437 3590 464 3629 v.
478 3574 534 3629 669
555 3571 638 3627 caedi
714 3591 740 3628 v.
756 3576 811 3631 677
830 3578 867 3629 At
944 3594 969 3631 v.
985 3580 1041 3634 678
1059 3584 1211 3651 terraeque

379 3697 412 3757 S.
437 3716 463 3755 v.
479 3698 534 3755 656
552 3695 592 3753 Et
610 3717 685 3776 pene
707 3707 739 3754 ut
757 3732 794 3740 —
815 3700 966 3777 suspendit
1032 3722 1058 3759 v.
1073 3706 1127 3761 661
1150 3712 1317 3780 sequentem
1383 3722 1410 3767 v.
1424 3705 1480 3763 663
1501 3704 1583 3761 clan-

437 3773 565 3830 dunt-
581 3782 699 3832 nectunt
775 3795 799 3832 v.
815 3780 872 3835 664
890 3777 1007 3834 trahunt
1026 3811 1064 3819 —
1083 3780 1186 3837 vimine
1264 3799 1290 3839 v.
1305 3783 1362 3839 668
1381 3781 1475 3838 Totus
1497 3800 1583 3857 quarn

435 3867 462 3907 v.
477 3854 534 3909 677
553 3851 590 3906 At
665 3870 692 3908 r.
707 3854 762 3909 678
781 3860 932 3928 terraeque
979 3865 985 3874 ‘
1625 3847 1630 3862 ’

377 3974 415 4033 Β.
436 3995 462 4032 v.
477 3978 532 4034 656
551 3977 631 4035 Pene
651 3997 704 4035 sua
799 3998 824 4035 r.
839 3982 895 4037 659
915 3981 971 4036 Hic
1069 4000 1092 4038 v.
1107 3985 1161 4039 661
1184 3992 1294 4042 arctare
1384 4001 1409 4041 r.
1423 3986 1480 4042 663
1501 3984 1582 4042 clau·

436 4052 508 4109 dunt
524 4084 564 4094 ·-
582 4053 688 4111 lumine
764 4073 790 4111 v.
805 4058 861 4113 665
882 4075 1015 4133 rumpere
1034 4057 1127 4115 nodos

378 4178 415 4236 V.
436 4197 462 4235 r.
478 4182 533 4237 656
554 4184 592 4237 Et
611 4200 716 4254 penetro
735 4187 762 4237 et
781 4180 902 4257 pendens
922 4203 1030 4241 omnes.
1050 4185 1113 4260 Ego
1127 4187 1247 4243 correxi.
1266 4217 1305 4228 -
1322 4186 1455 4263 paralum
1472 4206 1583 4247 omnes·

436 4273 461 4311 v.
476 4260 532 4313 657
553 4260 671 4313 extremi
690 4276 798 4321 omnes.
896 4278 922 4315 v.
938 4264 994 4319 658
1013 4259 1171 4335 frequentia
1190 4263 1226 4320 V.
1242 4266 1272 4320 2.
1368 4283 1396 4321 v.
1410 4267 1466 4323 656
1487 4264 1584 4322 ouodte

435 4330 509 4386 Va.
529 4363 568 4371 —
587 4340 671 4390 notos
690 4352 796 4392 ornnes.
875 4353 901 4390 v.
916 4338 971 4393 661
992 4344 1146 4411 sequentem
1156 4338 1193 4395 V.
1205 4344 1232 4397 1.
1247 4339 1281 4396 C.
1306 4338 1446 4411 furantem
1457 4340 1492 4395 L.
1503 4340 1541 4397 V.
1552 4344 1582 4396 2.

434 4434 473 4444 —
492 4405 623 4463 claudent
643 4427 750 4466 ornnes.
770 4417 878 4467 necant
898 4412 935 4467 V.
948 4418 975 4469 1.
989 4413 1023 4469 C.
1043 4419 1156 4470 nectant
1175 4414 1212 4471 V.
1222 4419 1250 4471 2.
1270 4416 1304 4472 L.
1325 4435 1399 4473 corr.
1413 4416 1450 4473 B.
1469 4419 1584 4472 numine

433 4479 470 4535 V.
485 4486 511 4537 1.
533 4482 567 4537 C.
592 4487 703 4540 nornine
721 4485 758 4542 V.
772 4490 801 4542 2.
822 4487 857 4542 L.
883 4486 919 4560 (a
940 4508 1013 4543 corr.
1033 4490 1082 4556 u.)
1114 4493 1225 4548 nominc
1252 4502 1299 4549 est
1324 4493 1437 4570 specie,
1464 4491 1582 4549 fraude.

433 4555 556 4612 sortasse
571 4555 733 4626 facularum
752 4560 863 4619 tourriac.
941 4581 968 4620 v.
982 4567 1039 4621 668
1064 4569 1166 4622 Totum
1185 4584 1250 4624 oum
1264 4571 1369 4636 ceteri.
1392 4572 1494 4626 roton
1508 4586 1581 4643 quo-

434 4648 484 4705 que
503 4631 539 4687 V.
550 4636 578 4688 2.
601 4653 674 4690 corr.
694 4636 730 4692 B.
816 4657 843 4693 v.
858 4642 915 4697 670
934 4658 1049 4716 corpore
1068 4641 1145 4699 v.1.
1167 4644 1256 4701 ceteri
1274 4661 1404 4721 corporo.
1481 4662 1507 4701 r.
1522 4647 1581 4702 678

431 4705 581 4785 tumbaeque
600 4728 707 4768 omnes.
728 4731 800 4769 corr.
821 4714 857 4771 B.
