3700 5609
351 554 399 602 ¹11

436 703 518 773 Cod.
541 703 688 772 Vaticon.
710 725 741 770 n.
758 703 859 785 5160,
885 725 997 794 papyr.
1028 704 1060 771 in
1089 705 1192 773 forma
1219 713 1321 797 quart.
1349 706 1425 773 min
1448 705 1556 797 script.

352 855 402 899 an.
418 831 500 900 1469
520 833 590 898 sine
611 832 826 921 inscriptione.

437 958 519 1028 Cod.
539 960 688 1027 Vatican.
711 981 742 1026 n.
755 959 856 1041 3099,
884 982 995 1049 papyr.
1016 958 1069 1025 lol.
1091 982 1176 1027 saec.
1197 957 1265 1026 XV
1286 958 1339 1026 vel
1360 958 1452 1030 XVI.
1479 960 1518 1029 L.
1535 959 1558 1030 l

352 1098 385 1156 et
404 1084 432 1155 ll
454 1086 495 1156 ad
516 1110 565 1153 vs.
576 1087 629 1153 26.
648 1088 794 1178 inscript:
815 1088 860 1156 Μ.
875 1087 973 1156 lllallii
994 1096 1109 1178 poetae
1130 1084 1263 1154 Illustris
1286 1085 1327 1155 ad
1343 1089 1557 1159 Octavianum

351 1216 533 1309 Augustum
554 1215 802 1282 Astronomicon
822 1213 920 1282 Liber
940 1203 1062 1306 priinus
1082 1214 1193 1304 incipit
1214 1214 1357 1283 feliciter.

436 1342 518 1413 Cod.
539 1341 687 1410 Urbinas.
709 1345 823 1445 noos
841 1344 930 1428 (802)
952 1365 1111 1432 pergam,
1138 1340 1209 1424 tto,
1235 1342 1424 1412 nitidissime
1451 1346 1559 1437 script

352 1493 416 1537 sec.
439 1468 514 1542 XV.
537 1471 682 1562 inscript:
709 1471 810 1538 ltlarci
830 1470 950 1538 Manilii
971 1469 1073 1538 Boeci
1100 1471 1308 1560 astronomici
1331 1471 1413 1538 liber
1437 1474 1559 1563 primus

350 1598 471 1689 incipit.
1016 1597 1018 1601 ’
1208 1585 1211 1590 ‚

436 1724 517 1794 Cod.
539 1726 677 1795 Urbinas
690 1749 720 1794 n.
734 1729 797 1793 667
813 1727 899 1812 (803)
916 1748 1076 1817 pergam„
1097 1727 1163 1811 tto,
1186 1728 1302 1796 eodem
1322 1738 1478 1819 tempore,
1500 1725 1560 1806 sed

352 1856 458 1922 minus
478 1852 612 1945 pulchre
634 1864 801 1939 exaratum
828 1857 974 1947 inscript:
1002 1854 1044 1925 M.
1066 1853 1186 1926 Manilii
1207 1856 1457 1925 Astronomicon
1478 1854 1560 1958 liber

241 1991 243 1996 ’
351 2004 400 2073 pr.
421 1983 540 2071 incipit.

437 2109 519 2178 Cod.
541 2108 614 2176 bibl.
636 2106 870 2176 laurentianae
891 2095 974 2199 plut.
993 2110 1045 2189 30,
1070 2110 1109 2176 15
1131 2110 1283 2194 (Bandini
1305 2121 1366 2178 cat.
1387 2110 1423 2192 ll,
1444 2135 1476 2204 p.
1495 2112 1560 2199 75.)

352 2260 512 2331 pergam,
532 2236 598 2320 lto,
620 2260 705 2304 saec.
726 2235 792 2307 XV
814 2237 912 2304 nitide
935 2236 1085 2325 scriptus:
1098 2236 1208 2307 Marci
1224 2238 1472 2330 Manliipoetae
1494 2238 1560 2308 cla·

280 2430 282 2434 .
351 2366 468 2434 lissimi
496 2367 732 2433 astronomicon
760 2365 800 2433 ad
828 2364 1004 2433 Caesarem
1032 2367 1215 2455 Augustum
1240 2366 1321 2435 liber
1347 2368 1480 2457 primus.
1522 2363 1559 2436 ln

353 2494 430 2563 fine:
452 2494 573 2578 „blarci
593 2492 702 2562 Manlii
723 2479 940 2560 mathematici
959 2493 1047 2559 vita”
1071 2493 1178 2560 addita
1201 2503 1264 2577 est3
1293 2519 1374 2585 quae
1397 2518 1496 2587 quum
1511 2492 1561 2563 'ad

355 2621 448 2690 Plinii
468 2621 508 2689 H.
531 2611 572 2689 N.
595 2618 744 2688 XXXVI
763 2644 823 2687 nos
847 2607 992 2701 dimittat,
1012 2620 1099 2688 unde
1121 2631 1216 2688 notus
1239 2620 1292 2709 ille
1309 2646 1398 2690 error
1412 2623 1452 2690 de
1467 2620 1559 2691 blan·

353 2746 396 2817 lio
418 2748 643 2822 mathematico
667 2758 759 2816 natus
783 2757 846 2829 est,
869 2747 946 2815 nihil
968 2752 1037 2816 veri
1058 2728 1232 2840 dignumve
1253 2740 1363 2833 habet,
1392 2752 1480 2842 quod
1501 2774 1559 2819 ex-

354 2876 518 2945 scribatur.
1497 2855 1499 2860 λ

439 3005 509 3074 Hos
526 3008 623 3097 igitur
645 3016 778 3074 cunctos
799 3002 897 3073 libros
921 3030 1116 3101 quamquam
1132 3032 1174 3075 ex
1191 3008 1349 3099 excerptis
1368 3007 1505 3099 benigne
1520 3009 1560 3076 ad

355 3158 408 3202 me
436 3134 517 3201 datis
539 3136 690 3201 Vossiani
714 3116 949 3222 simplicitatem
975 3133 1064 3200 nullo
1092 3135 1189 3201 modo
1221 3135 1376 3223 attingere
1401 3132 1562 3221 videbam,

356 3261 513 3353 quosdam
539 3261 661 3335 tamen'
676 3259 854 3327 accuratius
879 3259 1082 3349 perpendere
1110 3257 1296 3348 cupiebam;
1323 3283 1437 3327 verum
1460 3287 1561 3354 quum

354 3389 527 3481 interprete
548 3386 664 3455 Jahnio
685 3386 718 3453 id
741 3386 893 3477 egissem,
921 3370 1017 3477 atque
1040 3386 1170 3477 quidam
1190 3388 1269 3454 eius
1293 3388 1386 3454 amici
1408 3412 1481 3458 eam
1504 3416 1560 3460 cu·

352 3524 424 3595 'ram
444 3517 536 3584 in-se
556 3511 764 3605 recepissent,
784 3513 863 3581 nihil
884 3524 993 3581 tamen
1016 3514 1140 3596 deinde,
1158 3538 1353 3608 quamquam
1367 3516 1439 3608 plus
1460 3521 1561 3589 semel

354 3646 388 3713 in
409 3666 501 3735 spem
526 3642 679 3733 eligebar,
701 3642 742 3709 ad
764 3666 817 3710 me
838 3642 993 3733 pervenit.
1036 3642 1164 3710 Futuris
1193 3647 1290 3734 igitur
1316 3646 1437 3715 Manilii
1463 3649 1562 3718 inter·

355 3772 497 3865 pratibus
520 3779 651 3849 coactus
671 3768 756 3839 hanc
768 3744 975 3860 provinciam
997 3769 1159 3864 relinquo,
1180 3784 1225 3855 ut,
1248 3770 1324 3867 quid
1344 3777 1419 3845 inde
1439 3778 1561 3847 fructus

353 3901 397 3969 'ad
415 3887 494 3968 euin
515 3898 695 3968 redundare
716 3899 835 3991 possit,
863 3900 949 3991 quod
978 3921 1043 3968 non
1071 3910 1149 3969 dane
1176 3895 1331 3996 magnum
1355 3928 1426 3974 esse
1449 3908 1562 3991 sentio,

354 4030 569 4122 experiantur.

440 4155 533 4226 Nam
548 4153 690 4249 reliquos
708 4133 841 4248 'pudens
864 4156 1011 4242 codices,
1045 4175 1182 4251 quorum
1202 4158 1291 4225 nulla
1310 4161 1344 4225 in
1365 4162 1449 4229 notis
1471 4185 1563 4231 men-

356 4284 401 4355 tio
423 4286 509 4354 sacta
532 4295 591 4368 est,
614 4286 788 4354 deteriores
811 4285 941 4377 quidem
964 4293 1091 4370 omnes,
1115 4287 1196 4353 satis
1212 4289 1275 4353 ‘etii‘
1289 4286 1424 4354 aliorum
1453 4292 1564 4359 studiis

358 4415 522 4497 novimus3
544 4412 643 4481 veluti
664 4400 861 4495 Palatinum,
882 4434 950 4480 non
972 4437 1047 4481 eum
1062 4413 1205 4495 'malurm
1233 4437 1275 4481 ex
1303 4396 1562 4505 castigationibus

358 4542 521 4617 Francisci
539 4539 644 4623 lunii,
660 4541 875 4616 Parisionssm
897 4566 940 4610 ex
961 4542 1135 4620 stoliditate
1156 4542 1321 4627 Stoeberi,
1343 4543 1564 4615 Ononiensem

360 4693 407 4751 en
423 4668 612 4760 solmone,
631 4672 823 4763 quaeinter,
840 4671 986 4784 Santenii
1004 4670 1102 4746 libros
1124 4670 1482 4758 Berobai,;asserratur,
1503 4676 1563 4754 sub
