3700 5609
320 546 384 613 Ἀθ
606 545 608 551 '
822 546 1019 618 lunum

320 703 448 800 Parati,
468 730 653 802 substantive,
674 735 693 790 i.
714 753 741 791 e.
763 733 824 809 agri
844 733 922 802 culti,
943 747 1056 791 vomere
1076 733 1186 810 pacati,
1208 731 1308 801 ltlwt's
1329 713 1486 803 lvo-14¹3
1508 731 1542 788 0¹⁴·

360 824 522 894 rotundum,
542 828 726 906 profundum.

319 918 386 992 paci
406 916 533 987 domare,
553 920 589 988 V,
608 925 675 980 708.

320 1006 413 1083 pondi
432 1010 552 1087 capelli,
572 1012 599 1081 Ι,
619 1015 686 1072 843.
1234 1069 1240 1080 ,
1438 1057 1443 1068 .

320 1117 376 1175 par
394 1119 512 1172 summa,
532 1122 647 1182 semper
666 1106 806 1188 aequalis,
826 1105 860 1174 ΙΙ,
878 1108 926 1164 77.
957 1121 1013 1181 par
1032 1112 1085 1174 ast,
1104 1107 1196 1180 prima
1217 1102 1299 1162 diota
1319 1105 1373 1176 ait,
1395 1114 1431 1162 ut
1448 1105 1538 1184 prima

362 1202 534 1263 numeretur,
555 1197 602 1265 ΙΙΙ,
623 1202 689 1256 172.

320 1287 440 1361 periton
460 1288 562 1345 eodem
582 1297 721 1367 tempore,
742 1290 855 1362 1,223;
876 1290 897 1359 Ι,
916 1292 989 1360 826;
1009 1287 1057 1357 ΙΙΙ,
1077 1291 1149 1359 502;
1168 1287 1204 1356 V,
1223 1290 1291 1346 310.
1355 1311 1361 1321 ·

321 1394 393 1452 para
411 1377 532 1437 hominis
552 1380 723 1451 Centaurum,
744 1399 780 1439 ex
799 1391 882 1459 parte
901 1381 997 1449 homo,
1018 1379 1039 1448 l,
1059 1381 1126 1439 419.
1164 1383 1258 1455 partia
1275 1380 1403 1456 omittas
1420 1389 1533 1440 centau-

362 1486 422 1524 rum
442 1470 522 1527 sovet
538 1470 642 1541 Diana,
662 1474 682 1530 i.
703 1492 729 1531 e.
751 1482 892 1549 quatenns
911 1493 1003 1549 equus
1024 1481 1077 1540 est,
1097 1474 1132 1542 ΙΙ,
1151 1472 1219 1531 444.

322 1567 418 1634 parte,
440 1562 460 1619 i.
481 1580 508 1620 e.
527 1565 667 1641 partibus,
687 1586 737 1624 seu
757 1565 878 1625 foedere
898 1586 962 1622 cum
983 1565 1047 1622 aliis
1066 1566 1146 1632 inito,
1165 1564 1199 1632 ΙΙ,
1218 1564 1287 1623 645.

322 1657 425 1725 partas
444 1653 548 1725 tarrae,
568 1656 588 1714 i.
609 1675 635 1714 e.
656 1658 781 1727 sauctus,
801 1659 850 1728 ΙΙΙ,
870 1658 943 1730 142;
967 1667 997 1716 et
1022 1668 1122 1715 contra
1139 1657 1249 1714 fructus
1268 1656 1290 1715 i.
1310 1675 1338 1715 e.
1360 1665 1466 1737 partas
1483 1658 1533 1717 lra-
1545 1681 1558 1702 v

362 1763 449 1804 mann.

323 1845 473 1913 pascentur
492 1844 576 1912 outa,
596 1843 615 1900 i.
636 1862 662 1901 e.
683 1862 720 1901 ea
740 1843 871 1921 voluptas
891 1850 951 1911 est,
978 1842 1003 1899 si
1023 1859 1069 1899 res
1090 1841 1227 1899 sollicitas
1247 1850 1276 1899 et
1295 1859 1418 1900 severas
1445 1846 1533 1903 anim

366 1930 488 2002 solvunt,
508 1935 545 2003 V,
563 1938 631 1994 453.

324 2039 444 2096 parsurm
462 2034 576 2096 statura,
596 2029 632 2096 V,
651 2030 718 2087 427.

324 2121 440 2188 pectora
460 2117 576 2177 adtacta
595 2122 617 2190 l,
637 2126 691 2191 823
711 2122 763 2177 sub
784 2120 898 2176 Cancro
918 2131 986 2177 nata
1005 2127 1135 2197 pectora,
1156 2117 1189 2184 ΙΙ,
1209 2116 1282 2189 544;
1314 2124 1419 2193 pertua
1438 2123 1533 2179 animi·

364 2208 430 2275 tiae,
449 2210 485 2279 ΙΙ,
506 2216 577 2283 582;
596 2217 719 2289 pectoris
737 2211 861 2288 pondus,
877 2213 913 2279 ΙΙ,
926 2215 998 2284 956;
1017 2218 1115 2288 pectas
1134 2209 1264 2266 absolute
1284 2209 1322 2267 de
1342 2212 1476 2287 ingenio,
1490 2215 1534 2287 tt,

365 2302 422 2356 366
435 2310 465 2357 et
484 2303 533 2371 IV,
547 2308 614 2365 529.
652 2313 767 2382 pectora
787 2305 872 2362 domo
891 2324 949 2362 non
970 2313 1114 2371 contenta,
1134 2300 1249 2379 cupida,
1270 2309 1404 2373 actuosa,
1417 2306 1458 2375 V,·
1470 2312 1534 2378 3173

364 2400 477 2465 pectora
495 2400 637 2467 ministra,
657 2399 694 2466 V,
714 2402 780 2456 317.

325 2481 452 2558 pelagus,
471 2486 596 2546 humoris
616 2491 796 2557 elementum,
816 2489 836 2557 l,
857 2494 923 2547 249.
963 2506 1052 2565 saepe
1072 2508 1125 2565 pro
1146 2506 1264 2545 oceano.

326 2574 462 2647 prendebat
484 2577 544 2650 (vix
563 2580 690 2656 poterat)
712 2582 861 2639 dicernere
881 2582 908 2648 Ι,
929 2584 976 2638 68.
1022 2580 1161 2637 Similiter
1184 2599 1252 2656 pars
1276 2582 1445 2655 negationis
1470 2604 1534 2664 sup·

365 2666 474 2743 plenda
494 2678 539 2726 est
557 2678 678 2747 propter
700 2670 922 2748 praecedentem
948 2673 1213 2747 interrogationem:
1242 2672 1300 2729 Gur
1320 2675 1484 2747 cernimus,
1506 2696 1536 2735 ao

365 2760 450 2818 nullis
477 2766 698 2841 properantibus
724 2763 783 2819 ulla
807 2759 951 2840 relinqui?
975 2771 1020 2820 est
1039 2764 1128 2832 enim,
1157 2763 1237 2820 nulla
1255 2777 1435 2843 properant,
1463 2769 1558 2827 nulla·

365 2852 571 2929 relinquuntur.
592 2855 613 2925 Ι,
629 2856 700 2915 497.
719 2879 721 2883 ·
1410 2857 1415 2867 ’

326 2948 520 3018 penetrabilis,
540 2950 559 3006 i.
580 2968 607 3007 e.
627 2948 730 3006 fluctus
750 2950 779 3005 iu
799 2948 915 3023 longum
935 2957 1088 3026 penetrans
1114 2946 1164 3025 (ut
1190 2946 1364 3004 dissooibilis
1387 2946 1537 3021 Oceanus)

365 3049 486 3113 angusto
507 3059 632 3117 aequore
651 3042 782 3119 pervenit
801 3060 818 3098 a
838 3040 953 3115 glaciali
974 3058 1082 3097 oceano
1097 3040 1135 3096 ad
1148 3058 1226 3096 mare
1241 3039 1394 3117 Caspium,
1408 3041 1463 3110 lV,
1475 3042 1538 3101 647.

327 3115 439 3199 penitus
456 3133 597 3203 truditur,
625 3136 645 3191 i.
666 3154 692 3191 e.
712 3134 836 3190 truditur
855 3134 884 3189 in
903 3133 1030 3188 intimam
1054 3140 1174 3202 terram3
1198 3140 1295 3210 potest
1318 3131 1410 3205 igitur
1437 3134 1538 3192 adver-

367 3220 444 3278 bium
464 3223 560 3300 aliquo
579 3227 666 3283 modo
688 3228 776 3284 ricem
795 3225 917 3281 nominis
938 3225 1000 3282 eius
1022 3226 1177 3293 sustinere,
1203 3224 1283 3281 cuius
1303 3225 1360 3280 vim
1382 3224 1413 3279 in
1434 3244 1469 3283 se
1490 3225 1539 3283 lta·

364 3313 423 3369 bet.
443 3314 494 3386 lV,
513 3321 579 3376 615.

326 3405 466 3479 pependit,
485 3411 507 3477 Ι,
528 3413 599 3481 201;
619 3411 766 3482 aoristice;
786 3411 816 3466 in
837 3428 893 3485 quo
914 3428 967 3465 usu
986 3408 1110 3487 perlecti
1130 3406 1272 3463 aLucilio
1292 3415 1321 3463 et
1341 3408 1464 3485 Gratia,
1479 3414 1541 3489 qui·

367 3499 420 3553 bus
439 3500 468 3555 in
488 3502 553 3557 aliis
573 3504 730 3559 simillimus
755 3512 813 3570 est,
841 3501 996 3577 discrepat.
1030 3500 1109 3578 apud
1132 3498 1208 3555 lmnc
1234 3499 1309 3556 enim
1333 3517 1438 3574 rarus,
1466 3505 1544 3584 apud

252 3649 255 3654 ¹
366 3587 432 3644 illos
451 3591 699 3666 frequentissimus
720 3600 774 3649 est.
847 3636 849 3640 .

265 3722 267 3726 .
327 3695 386 3751 per.
407 3700 534 3757 aequora
552 3701 603 3759 per
622 3682 706 3753 ludit,
725 3685 747 3752 Ι,
761 3687 832 3752 156;
851 3681 924 3740 fides
943 3698 993 3756 par
1012 3683 1128 3740 saecula
1147 3683 1244 3760 prisca
1264 3679 1416 3762 (nnanans')
1435 3688 1457 3757 l,
1472 3693 1545 3763 729;

365 3790 417 3847 per
436 3773 518 3852 signa
539 3778 632 3833 socius
652 3764 772 3853 'Augusti
791 3777 939 3854 Juppiter,
960 3776 979 3843 l,
999 3780 1071 3846 8003
1095 3774 1197 3850 Pyrrhi
1215 3792 1265 3849 por
1284 3774 1363 3833 bella
1385 3779 1469 3839 ultor
1488 3783 1545 3842 Pa·

366 3867 456 3943 pitius
476 3870 498 3938 Ι,
517 3874 590 3941 786,
610 3868 647 3927 cf.
668 3875 735 3930 791.
773 3888 824 3946 per
842 3879 936 3926 motus
955 3870 1101 3944 ingentes,
1127 3869 1168 3922 ita
1194 3874 1224 3921 ut
1242 3883 1349 3942 sempor
1376 3880 1481 3930 motus
1503 3876 1547 3931 in·

365 3969 466 4033 gentes
487 3950 739 4039 consequerentur,
759 3961 781 4031 Ι,
801 3948 872 4032 8'163
891 3978 942 4036 pta·
962 3962 1090 4018 diversas
1108 3960 1214 4025 facies,
1239 3959 1280 4014 ita
1299 3967 1331 4013 ut
1349 3975 1472 4036 sonipes·
1499 3985 1548 4025 va·

366 4052 453 4126 rient;
479 4074 529 4131 per
553 4073 652 4111 omnes
678 4062 776 4131 partes
801 4051 912 4109 habitat
939 4070 1011 4110 unus
1038 4053 1154 4130 spiritus
1186 4051 1223 4128 (i.
1245 4069 1271 4108 e.
1300 4061 1404 4108 manat
1424 4065 1460 4113 et
1481 4061 1550 4120 inde

366 4150 449 4219 quasi
470 4148 642 4206 domesticus
663 4144 731 4222 est.)
753 4145 792 4213 ΙΙ,
813 4148 865 4215 65;
894 4164 944 4221 per
968 4146 1094 4203 carmina
1117 4142 1239 4199 ineundus
1265 4142 1399 4217 gaudens
1428 4152 1496 4222 sui,
1519 4154 1551 4223 ll,

368 4237 438 4309 1423
457 4259 507 4315 per
527 4257 623 4307 omno,
642 4239 662 4296 i.
674 4257 709 4295 ·e.
731 4240 767 4295 ab
788 4239 864 4294 omni
883 4247 981 4314 parte,
1002 4238 1039 4305 V,
1059 4235 1131 4303 741,
1159 4254 1193 4290 ac
1213 4253 1312 4312 saepe.
1351 4248 1409 4309 per
1434 4255 1553 4320 martura,

366 4329 402 4396 ll,
422 4334 678 4406 516;part0tu1n,
698 4330 731 4397 ΙΙ,
745 4333 816 4401 522;
836 4348 886 4404 par
906 4332 924 4385 i.
945 4348 971 4387 e.
991 4338 1119 4407 propter,
1139 4327 1267 4395 1V,204,
1288 4327 1337 4394 lV,
1349 4328 1424 4401 433,
1447 4336 1490 4406 V,
1505 4344 1552 4399 55,

365 4438 416 4495 par
435 4426 553 4491 somnia,
572 4425 646 4481 inter
665 4441 803 4490 somnum,
823 4422 859 4489 V,
880 4426 951 4492 3113
980 4440 1032 4497 per
1051 4423 1069 4479 i.
1091 4440 1117 4478 e.
1138 4429 1266 4497 propter,
1286 4420 1432 4480 heredem
1447 4427 1552 4503 (cap

367 4510 438 4588 lum)
459 4514 537 4588 Lyra
556 4513 706 4592 postlata
726 4511 865 4591 (Orphei)
887 4523 979 4582 sonat,
1000 4516 1035 4583 V,
1049 4518 1120 4584 3263
1140 4530 1191 4588 pur
1209 4514 1305 4589 pisces
1325 4522 1485 4579 extremos
1506 4525 1553 4581 lu·

366 4606 443 4663 mina
463 4605 546 4673 tollit,
566 4607 604 4674 V,
623 4606 694 4676 6483
716 4604 771 4681 (sic
792 4624 891 4683 saepe,
910 4624 960 4681 per
980 4614 1120 4684 tempora,
1142 4601 1211 4678 etc.)
1233 4624 1281 4682 per
1296 4614 1458 4685 antrumque
1476 4615 1554 4693 (iffi

368 4697 397 4755 et
417 4698 447 4755 in
466 4716 594 4755 nummos
616 4698 690 4755 etin
710 4695 843 4770 artificia)
864 4697 971 4755 factunm
992 4699 1147 4766 metallum,
1168 4698 1204 4767 V,
1225 4702 1290 4757 535.
