3700 5609
329 582 372 650 92
698 577 804 648 Lmen
825 575 876 646 ΠΙ.
917 601 948 645 v.
972 577 1116 645 68481.

392 757 550 848 Quaeque
572 773 671 843 opera
693 761 790 843 atque
812 760 907 833 artes,
929 752 1111 842 quicunque
1132 769 1191 840 per
1213 745 1321 814 omnia
1343 763 1438 814 carus

391 867 541 935 Humana
562 866 595 931 in
617 864 681 929 vita
703 871 852 952 poterant
873 862 1059 949 contingere
1080 870 1210 941 sortem,

359 998 385 1039 ro
398 975 578 1066 Complexa
601 983 659 1056 est,
681 981 729 1039 tot
751 975 836 1041 etin
858 979 975 1061 partes,
997 978 1076 1061 quot
1097 979 1130 1037 et
1151 981 1237 1038 astra
1258 968 1391 1048 locarat,

392 1087 570 1176 Disposuit,
592 1093 759 1175 certasque
781 1084 879 1164 vices,
901 1103 960 1147 sua
980 1083 1111 1148 nomina
1133 1084 1251 1173 cuique

390 1197 550 1278 Aruibuit,
572 1204 739 1284 totumrpre
761 1192 898 1259 hominis
919 1214 978 1281 per
999 1191 1102 1257 sidera
1125 1213 1260 1259 censum

394 1309 514 1377 Ordine
537 1304 596 1371 sub
618 1313 706 1371 certo
730 1303 835 1384 duxit,
862 1322 937 1391 pars
967 1322 1095 1392 semper
1116 1311 1152 1368 ut
1174 1301 1280 1369 eidem

391 1416 533 1486 Confinis
554 1417 636 1507 parti
657 1414 769 1482 vicinis
791 1420 892 1478 staret
911 1413 944 1478 in
967 1414 1060 1479 arvis.

353 1548 377 1589 n
390 1527 515 1594 Horum
537 1549 672 1618 operum
694 1532 797 1593 sortes
819 1523 860 1589 ad
882 1522 1009 1612 singula
1029 1527 1121 1614 signa
1142 1521 1277 1604 locavit3

389 1638 465 1707 Non
487 1640 577 1706 utin
600 1647 730 1704 aeterna
752 1633 833 1704 caeli
854 1636 993 1701 statione
1014 1644 1191 1716 manerent,

389 1748 432 1816 Et
454 1757 585 1817 cunctos
606 1748 771 1814 hominum
792 1748 911 1838 pariter
933 1744 1134 1813 traherentur
1154 1747 1186 1811 in
1210 1753 1299 1811 ortus

387 1858 440 1925 Ex
460 1858 575 1926 iisdem
596 1860 733 1947 repetita
753 1856 848 1939 locis3
871 1856 930 1922 sed
952 1865 1098 1947 ternpore
1120 1854 1214 1922 sedes

387 1969 588 2037 Nascentum
610 1969 792 2058 acciperent
813 1968 959 2057 proprias
980 1968 1143 2058 signisque
1169 1968 1355 2055 migrarent,

351 2078 495 2169 &Atque
519 2078 595 2144 alies
618 2077 670 2143 alii
692 2099 762 2143 sors
784 2100 932 2167 quaeque
954 2076 1123 2143 accederet
1145 2086 1241 2156 nstro,

388 2189 433 2257 Ut
455 2197 585 2278 caperet
607 2188 752 2276 genitura
774 2209 892 2252 novam
914 2208 972 2275 per
993 2186 1098 2253 sidera
1119 2188 1266 2269 formam,

388 2298 460 2367 Nec
481 2308 590 2366 tamen
611 2299 734 2367 incerto
757 2297 969 2366 confunderet
990 2298 1096 2363 omnia
1117 2308 1222 2381 motu3

388 2408 455 2476 Sed
478 2431 553 2475 cum
574 2432 648 2499 pars
671 2431 816 2499 operum,
839 2430 923 2499 quae
943 2408 1047 2497 prima
1069 2408 1197 2476 condita
1218 2418 1307 2478 sorte
1329 2417 1389 2491 est,
1434 2464 1436 2467 .

388 2518 524 2609 Accepit
544 2521 707 2611 propriam
727 2520 888 2585 nascentis
911 2526 1057 2607 tempore
1079 2518 1200 2601 sedem,
1483 2502 1485 2507 ’

350 2648 375 2688 ⁸⁵
390 2630 508 2696 Cetera
530 2629 718 2711 succedunt,
740 2629 902 2719 signisque
924 2629 1131 2720 sequentibus
1153 2628 1296 2695 haerent

389 2738 476 2807 Ordo
499 2739 615 2807 ducem
636 2740 789 2831 sequitur,
812 2739 916 2807 donec
937 2741 1025 2805 venit
1047 2740 1131 2807 orbis
1151 2740 1184 2805 in
1206 2738 1326 2807 orbem.

385 2850 453 2918 Has
476 2860 583 2920 autern
604 2850 702 2916 iacies
724 2872 832 2919 rerum
854 2872 912 2941 per
934 2850 1026 2941 signa
1046 2849 1179 2934 locatas,

384 2962 419 3030 ln
443 2961 556 3053 quibus
579 2962 682 3028 omnis
706 2964 765 3029 en't
784 2969 900 3029 natura
923 2971 956 3027 et
977 2963 1105 3029 condita
1126 2984 1262 3045 summa,

385 3076 558 3162 Utcunque
580 3071 692 3140 stellae
711 3082 838 3165 septem
859 3070 1034 3139 laeduntve
1055 3074 1220 3155 iuvantve,

321 3288 354 3347 A.
377 3287 503 3366 v.701n
527 3295 568 3344 tot
588 3287 692 3366 compl.
705 3295 750 3345 est
760 3306 790 3364 p.
810 3317 849 3327 —
868 3296 1005 3345 vocarant
1061 3306 1088 3345 r.
1101 3291 1137 3347 71
1158 3288 1219 3346 Res
1238 3308 1302 3367 pos.
1362 3310 1388 3349 v.
1401 3296 1440 3352 72
1460 3312 1520 3348 cur-

378 3385 440 3423 sum
509 3384 542 3427 .v.
558 3368 596 3423 73
618 3364 694 3422 idern
760 3363 838 3422 r.74
857 3364 941 3422 astris
1011 3364 1163 3425 montiis
1178 3365 1235 3423 alio
1300 3385 1326 3425 r.
1339 3371 1377 3426 83
1387 3379 1470 3448 parte
1481 3377 1522 3427 est

380 3462 405 3500 r.
419 3448 456 3501 89
476 3440 517 3501 Ut
536 3460 621 3517 quom
642 3442 698 3497 iarn

322 3570 354 3628 S.
381 3588 407 3627 v.
421 3573 458 3627 ee
479 3578 555 3626 sorte
633 3589 659 3627 v.
672 3574 711 3627 70
730 3578 842 3626 notarat
920 3587 945 3625 r.
959 3573 995 3628 71
1017 3572 1076 3629 Res
1096 3592 1159 3649 pes.
1247 3590 1272 3629 v.
1287 3575 1325 3630 80
1344 3571 1408 3629 aliis
1430 3572 1486 3629 alio

380 3666 406 3703 v.
419 3650 457 3705 83
476 3653 559 3723 parte
579 3656 623 3703 est
700 3665 726 3705 v.
740 3650 779 3705 88
797 3647 931 3703 fortrmac
952 3648 1037 3705 cond.
1116 3668 1141 3706 r.
1157 3653 1194 3708 89
1216 3649 1270 3726 (Ut
1288 3645 1333 3719 fit)
1355 3668 1420 3708 cum

320 3774 356 3833 B.
377 3794 402 3832 v.
417 3778 454 3833 oo
474 3775 623 3832 Humanae
643 3774 671 3830 in
691 3775 766 3830 vitae
786 3782 921 3830 -sorte
1011 3794 1036 3831 r.
1050 3779 1085 3834 71
1107 3779 1203 3833 munia
1295 3795 1320 3835 r.
1334 3780 1373 3836 88
1391 3775 1521 3836 fortunae

379 3852 465 3910 coud.
541 3855 618 3911 nse
639 3860 687 3908 aut
706 3861 742 3909 st.

320 3979 357 4037 V.
377 3998 403 4037 r.
419 3982 457 4039 69
476 3981 643 4053 contioque,
673 3980 691 4035 i.
712 3998 739 4037 e.
756 3978 903 4130 pertinere
925 3978 977 4047 ad,
1002 3988 1106 4038 sortem
1125 4001 1233 4040 omnes.
1255 3984 1342 4059 (unus
1361 3984 1400 4041 G.
1419 3982 1521 4058 sorte.)

378 4074 403 4113 v.
416 4061 455 4115 70
473 4063 606 4113 nonerunt
626 4074 734 4112 omnes.
769 4061 888 4113 ooeorot
907 4056 945 4112 V.
961 4050 1005 4128 2.)
1027 4078 1100 4116 corr.
1120 4058 1156 4115 B.
1255 4078 1279 4117 v.
1294 4064 1330 4117 71
1351 4064 1411 4120 Res
1428 4063 1522 4137 posuit

378 4134 431 4201 rel,
451 4136 602 4210 Resposrrit
622 4152 730 4189 omnes.
753 4150 825 4187 corr.
845 4133 882 4188 B.
982 4152 1006 4191 r.
1020 4138 1058 4192 73
1078 4142 1109 4191 ut
1129 4134 1200 4193 idern
1219 4155 1329 4194 omnes.
1350 4157 1424 4196 corr.
1446 4136 1521 4195 Scal.

377 4229 413 4268 ex
434 4210 472 4267 G.
549 4228 573 4269 v.
589 4214 627 4267 76
645 4212 675 4266 in
697 4211 776 4266 ornis
797 4210 899 4281 ceteri;
919 4214 947 4268 in
968 4214 1056 4269 nstris
1075 4213 1112 4268 V.
1124 4217 1153 4269 2.
1237 4232 1264 4269 r.
1278 4217 1317 4272 80
1335 4215 1429 4289 Atque
1447 4214 1522 4272 otius

376 4304 440 4343 sors
459 4304 567 4343 omnes.
588 4304 662 4343 corr.
682 4286 718 4343 B.
740 4285 890 4344 Fortasse:
914 4289 1008 4363 Atque
1026 4289 1089 4347 atio
1106 4308 1195 4364 osque
1213 4290 1268 4348 otti
1344 4310 1371 4347 v.
1385 4294 1425 4349 83
1443 4298 1522 4369 porte

376 4369 418 4419 est
438 4380 546 4418 ornnes.
567 4381 640 4420 corr.
660 4362 697 4419 B.
813 4381 839 4419 r.
854 4367 892 4421 88
911 4364 1031 4436 fortune
1051 4373 1077 4423 et
1096 4366 1130 4423 L.
1152 4367 1188 4423 V.
1199 4371 1227 4424 2.
1252 4366 1389 4439 fortunae
1408 4368 1447 4425 G.
1467 4386 1520 4425 oo·

376 4443 445 4495 turo
463 4444 490 4493 et
509 4438 545 4494 V.
559 4444 586 4495 1.
610 4441 645 4497 C.
666 4441 765 4497 Recte.
796 4458 862 4495 narn
888 4460 952 4497 cnm
972 4452 1083 4519 septem
1102 4443 1204 4501 stellae
1224 4454 1254 4503 et
1273 4444 1406 4502 cardines
1425 4444 1522 4502 muudi

377 4514 416 4572 ud
435 4531 499 4571 enm
519 4511 621 4584 fontem
639 4534 733 4574 rerum
754 4518 877 4572 omnium
899 4519 1070 4577 aecedentes
1091 4530 1141 4577 urit
1160 4521 1277 4579 laedant
1302 4531 1352 4578 aut
1377 4521 1522 4591 adiuvent,

377 4593 407 4648 in
421 4608 463 4648 ea
481 4588 556 4661 facte
574 4609 632 4647 non
651 4593 742 4649 omnis
761 4591 912 4665 fortunae,
937 4596 991 4653 sed
1011 4599 1102 4654 omnis
1128 4605 1248 4657 naturae
1270 4618 1384 4657 mmnrn
1402 4610 1449 4657 est
1467 4620 1520 4679 po-

377 4670 442 4727 sita.
472 4665 547 4722 hauc
567 4676 661 4724 nutem
680 4668 801 4745 figurate
820 4679 950 4728 naturam
970 4680 997 4729 et
1016 4692 1154 4731 summam
1173 4677 1310 4734 nominet.
1385 4681 1464 4738 v.89
1487 4680 1523 4736 Ut

378 4764 440 4804 ment
458 4743 493 4802 n.
515 4741 591 4801 V.1.
614 4744 649 4802 C.
672 4749 710 4804 Ut
729 4748 769 4804 sit
787 4763 848 4803 cunr
869 4747 907 4804 G.
931 4751 1084 4825 Utcumque
1102 4751 1181 4810 V.2.
