3700 5609
685 559 807 630 1.οιοι
829 559 864 632 tt.
906 587 938 631 v.
960 574 1148 633 oea-952.

338 731 635 825 ⁰³⁵Fortunamque
657 755 779 803 senum.
822 734 931 802 Prima
953 745 1003 802 est
1025 734 1123 802 tutela
1146 735 1291 816 duorum,

393 844 595 913 Nascentum
617 854 713 934 atque
735 853 871 934 patrum,
894 867 976 934 quac
1000 845 1052 912 tali
1077 846 1203 912 condita
1226 855 1315 934 parte
1338 855 1395 912 est.

390 954 554 1044 Asperum
576 956 636 1021 erit
656 954 826 1043 templum;
850 954 968 1037 titulus,
991 979 1088 1046 quern
1111 956 1248 1024 Graecia
1270 957 1354 1035 tecit,

391 1064 627 1147 Daemonium3
649 1067 817 1155 signatque
840 1087 914 1129 suas
935 1088 993 1153 pro
1017 1065 1147 1131 nornine
1168 1068 1261 1132 vires.

391 1174 489 1243 Nunc
513 1197 583 1265 age,
606 1184 791 1265 surgentem
814 1175 916 1265 primo
942 1176 981 1241 de
1004 1174 1133 1241 cardine
1155 1175 1311 1241 mundum

340 1283 544 1376 ⁹⁴0Respice,
567 1309 630 1377 qua
652 1285 762 1352 solitos
785 1286 949 1351 nascentia
973 1286 1063 1374 signa
1085 1308 1234 1350 recursus

388 1393 556 1485 Incipiunt,
576 1396 684 1462 viridis
707 1394 818 1484 gelidis
843 1405 874 1461 et
895 1393 1046 1460 Phoebus
1070 1395 1109 1461 ab
1131 1397 1224 1462 undis

390 1504 510 1572 Enatat
530 1514 563 1572 et
583 1504 671 1571 fulvo
696 1503 848 1595 paulatim
870 1505 1055 1571 accenditur
1075 1506 1158 1594 igne,

391 1613 483 1682 Haec
506 1624 561 1681 tua
583 1614 703 1706 templa
725 1617 830 1682 fcr'unt
851 1615 945 1695 Maia,
969 1615 1124 1705 Cyllenio,
1146 1625 1230 1682 nate.

390 1724 427 1813 [2
449 1725 547 1792 facies
566 1728 692 1817 signata
712 1735 798 1807 nota,
821 1724 907 1815 quod
928 1748 1046 1791 nomen
1070 1735 1103 1791 et
1123 1727 1184 1816 ipsi

331 1853 380 1900 000
393 1835 553 1904 Auctores
575 1836 630 1902 tibi
652 1838 729 1902 dant
751 1837 825 1902 artis
849 1858 932 1925 quae
956 1835 1042 1902 ducit
1064 1835 1250 1924 Olympum]

389 1943 423 2013 ln
448 1969 511 2036 quo
535 1946 696 2012 fortunam
717 1957 865 2013 natorum
889 1945 1030 2012 condidit
1052 1967 1181 2010 omnem

387 2056 523 2140 Natura,
545 2080 588 2124 ex
607 2055 662 2124 illo
685 2057 852 2148 suspendit
872 2067 948 2123 vota
971 2066 1148 2146 parentum.

388 2166 483 2235 Unus
504 2168 537 2234 in
560 2190 679 2237 occasu
700 2168 790 2235 locus
813 2176 990 2257 estsuper.
1034 2164 1086 2231 ille
1108 2174 1255 2231 ruentem

386 2276 583 2370 Praecipitat
600 2281 756 2347 mundum
783 2277 921 2344 tenebris
946 2284 978 2341 et
999 2276 1105 2341 sidera
1126 2282 1255 2354 mersat,

338 2387 562 2480 ooTergaque
584 2398 769 2482 prospectat
789 2385 921 2469 Phoebi,
944 2386 998 2476 qui
1019 2384 1144 2450 viderat
1166 2406 1230 2450 ora.

387 2496 441 2565 Ne
463 2500 588 2583 mirere,
610 2501 692 2590 nigri
713 2501 740 2566 si
761 2499 845 2565 Ditis
866 2498 961 2563 ianua
983 2498 1091 2576 fertur,

389 2607 433 2674 Et
453 2607 550 2678 finem
571 2613 656 2679 vitae
677 2612 803 2678 retinet.
847 2609 1018 2698 [mortique
1041 2605 1176 2693 locatur]

323 2780 360 2841 A.
388 2801 413 2839 v.
428 2786 485 2843 935
504 2784 621 2842 fortuna
640 2785 669 2843 d.
762 2804 789 2841 v.
805 2786 861 2843 936
884 2781 955 2840 caeli
977 2802 1002 2838 c.
1023 2800 1090 2859 pars
1111 2790 1164 2839 est.
1258 2799 1283 2837 v.
1299 2783 1356 2841 937
1375 2786 1438 2837 erat
1457 2787 1529 2838 tern-

381 2879 438 2939 pus
457 2893 496 2903 -
514 2861 627 2919 titulum
728 2880 755 2919 v.
768 2862 826 2920 940
846 2860 940 2917 solido
960 2891 998 2900 --
1018 2878 1137 2915 recursu
1238 2876 1263 2913 v.
1279 2858 1330 2916 941
1361 2857 1433 2911 udus

381 2956 409 2994 v.
423 2938 481 2997 943
499 2938 539 2995 Et
556 2971 596 2979 —
615 2939 755 2997 Cilleniae
775 2948 862 2995 notae
909 2969 913 2976 ·
957 2934 1054 2993 0944
1074 2934 1101 2992 Ο
1122 2934 1179 2991 sac.
1278 2953 1303 2989 v.
1318 2932 1373 2991 945
1395 2941 1471 2989 artes
1493 2963 1530 2972 —

383 3033 442 3091 qua
518 3015 612 3075 0946
633 3034 691 3092 qua
775 3035 799 3073 v.
814 3014 870 3075 949
891 3014 974 3071 terris
996 3021 1025 3069 et
1110 3030 1133 3067 v.
1149 3015 1206 3070 950
1226 3012 1254 3065 Τ
1256 3028 1377 3084 erraquc
1397 3040 1435 3049 —
1456 3028 1530 3084 quae

322 3133 355 3191 S.
382 3152 409 3190 v.
423 3134 481 3193 940
501 3134 594 3193 solido
614 3166 651 3176 -
671 3154 787 3192 recursu
866 3152 891 3190 v.
907 3132 961 3191 941
984 3130 1057 3187 udus
1079 3162 1117 3171 —
1138 3137 1168 3187 ut
1187 3130 1240 3186 Ph.
1321 3147 1345 3184 v.
1361 3128 1417 3187 943
1438 3129 1484 3184 Te

380 3211 526 3271 vetto
623 3212 720 3271 0946
741 3231 799 3288 qua
894 3229 920 3268 v.
936 3209 993 3268 947
1013 3227 1087 3283 eque
1108 3207 1158 3264 illa
1255 3207 1351 3265 0949
1372 3206 1455 3264 terris

319 3328 358 3389 Β.
380 3348 407 3388 v.
421 3333 479 3390 937
497 3331 591 3410 Asper
603 3341 632 3389 et
645 3338 770 3389 attentus
783 3363 821 3372 —
834 3330 944 3387 titulum
959 3333 1004 3386 cui
1082 3347 1107 3383 v.
1122 3329 1173 3386 941
1199 3327 1273 3384 udus
1288 3359 1326 3368 —
1339 3333 1371 3381 ut
1433 3343 1459 3382 v.
1474 3325 1531 3383 944

381 3416 411 3467 et
430 3407 467 3467 45
487 3408 550 3467 iure
570 3410 663 3467 eiecit.
749 3426 776 3464 v.
791 3408 847 3469 946
867 3408 898 3463 10
920 3407 983 3483 quis
1071 3424 1097 3462 v.
1112 3405 1168 3463 947
1188 3424 1262 3481 eque
1282 3404 1339 3461 illis
1431 3422 1457 3461 v.
1472 3402 1529 3463 949

380 3486 485 3561 mergit
559 3505 586 3543 v.
601 3488 657 3545 952
677 3484 788 3541 dicatur

319 3604 358 3665 V.
379 3620 407 3661 v.
423 3607 480 3664 935
499 3606 611 3664 Verba:
632 3606 730 3662 Pruna
749 3636 787 3646 -
806 3604 939 3680 ternplum
959 3621 976 3660 a
995 3602 1123 3678 margine
1136 3603 1248 3660 venisse
1259 3602 1389 3658 arbitror.
1410 3632 1448 3644 -
1463 3598 1528 3670 {or-

379 3688 454 3739 1000
472 3683 509 3741 V.
523 3688 550 3740 1.
561 3682 596 3739 C.
675 3700 701 3737 v.
716 3685 771 3739 936
792 3680 973 3739 Naeoenduat
992 3687 1158 3755 patrumque
1176 3680 1212 3734 V.
1226 3683 1254 3735 2.
1276 3696 1347 3753 pure
1358 3684 1400 3734 eet
1419 3695 1528 3733 omnes.

378 3775 407 3814 v.
422 3762 480 3817 937
499 3761 640 3834 Asperum
659 3766 722 3816 erut
741 3766 852 3834 tempas
871 3757 907 3813 V.
920 3762 948 3813 1.
961 3757 995 3812 C.
1009 3757 1043 3814 L.
1064 3757 1202 3829 Asperum
1222 3758 1275 3811 erit
1296 3753 1477 3828 temptumV.
1489 3758 1528 3821 2.,

382 3843 413 3893 ut
431 3853 474 3893 rs.
495 3838 563 3896 943.
601 3839 679 3893 Haeo
698 3842 749 3893 tua
769 3834 871 3910 tempta
890 3833 995 3905 ferram.
1037 3842 1067 3887 ut
1087 3832 1134 3886 hic
1159 3831 1296 3907 ternplum
1323 3847 1468 3904 asperatur,
1488 3829 1529 3886 ita

379 3913 552 3991 templorum
577 3915 650 3969 oiree
669 3930 710 3968 vs.
728 3915 795 3970 959.
820 3944 859 3953 -
884 3910 1000 3967 titutum
1019 3908 1057 3965 V.
1074 3913 1102 3964 1.
1127 3908 1161 3964 C.
1194 3905 1294 3963 titulus
1313 3907 1346 3963 L.
1368 3906 1403 3962 V.
1421 3910 1450 3963 2.

379 4007 407 4045 v.
422 3992 480 4048 940
498 3987 588 4047 solido
608 4020 647 4030 -
669 4006 785 4047 recturo
804 4007 911 4045 omnes.
936 4006 1008 4043 corr.
1029 3986 1065 4045 B.
1182 4003 1207 4040 v.
1223 3984 1274 4041 941
1298 3980 1399 4040 uiridia
1418 4001 1526 4040 omnes.

379 4065 470 4133 Quod
489 4068 613 4124 eximere
634 4084 695 4122 sum
717 4066 830 4124 veritus.
891 4084 916 4121 v.
931 4063 987 4122 943
1007 4067 1085 4119 Haeo
1105 4081 1213 4119 omnes.
1279 4078 1305 4115 v.
1320 4059 1378 4115 944
1399 4058 1529 4130 Ofuciee

380 4161 490 4200 omnen.
530 4141 637 4216 QEgo
657 4142 776 4198 conieci.
815 4143 879 4197 Hoc
899 4138 1070 4216 compendio
1092 4138 1240 4211 στίλβων,
1260 4136 1395 4192 Mercurii
1414 4154 1528 4206 nomen,

380 4220 528 4290 scribitur3
555 4220 674 4293 eiusque
700 4219 897 4295 interpretatio
925 4235 943 4272 a
968 4235 1040 4271 vano
1067 4217 1134 4271 artis
1156 4215 1328 4271 admiratore
1348 4211 1479 4289 prosecta
1499 4215 1529 4270 in

378 4314 480 4354 versus
500 4295 618 4353 redacta
637 4301 690 4352 est.
711 4326 749 4334 -
768 4302 843 4351 artes
863 4312 919 4369 000
939 4311 1047 4349 ornneS.
1165 4311 1190 4348 v.
1205 4294 1260 4349 946
1285 4294 1320 4347 10
1342 4307 1398 4364 qua
1419 4310 1528 4350 oroneo.

378 4373 403 4429 E
425 4391 443 4428 0
463 4373 612 4449 rescripsi3
631 4372 651 4427 i.
672 4390 699 4428 c.
719 4372 845 4428 cardine.
867 4377 1004 4426 rnonstrat
1026 4370 1106 4438 viam,
1126 4370 1186 4437 ttto,
1202 4387 1242 4425 vs.
1254 4386 1297 4443 sq.
1376 4387 1402 4424 v.
1417 4369 1474 4426 947
1492 4386 1529 4426 eu

379 4390 432 4507 ilfi
452 4468 561 4507 ornnes.
666 4466 692 4504 v.
707 4448 763 4506 949
784 4451 868 4504 terris
888 4466 996 4503 omnes.
1018 4465 1091 4503 corr.
1112 4446 1147 4503 B.
1169 4477 1206 4485 -
1226 4448 1322 4502 mersit
1343 4464 1451 4504 ornnes.
1491 4445 1529 4501 Et

379 4525 506 4584 sonasse
525 4525 556 4581 id
577 4532 689 4603 tempus
714 4525 788 4581 inter
811 4523 906 4580 media
931 4524 1095 4600 praesentia
1120 4522 1298 4580 retinendum
1324 4531 1395 4581 erat.
1435 4522 1526 4577 Novi-

380 4621 444 4659 mus
464 4602 540 4660 enim
559 4610 708 4680 poetarum
729 4602 894 4657 orationem.
976 4618 999 4655 v.
1015 4603 1071 4658 950
1094 4603 1233 4676 Terraque
1244 4619 1352 4658 ornnes.
1365 4618 1438 4655 corr.
1448 4598 1525 4655 Scal.

380 4696 407 4735 v.
421 4680 479 4739 952
498 4684 633 4756 mortique
651 4677 769 4749 locatur,
790 4678 819 4733 in
839 4678 969 4735 omnibns
990 4676 1072 4734 deest
1093 4676 1177 4736 codd.
1198 4679 1221 4735 A
1243 4698 1299 4756 quo
1322 4677 1358 4733 sit
1374 4677 1526 4745 inventum,

380 4756 493 4832 ignoro.
