3700 5609
344 1809 422 1923 Eu
444 1852 499 1923 tibi
521 1852 576 1922 diu
596 1854 804 1943 promissum,
833 1852 950 1930 diutius
979 1853 1134 1943 agitatum
1156 1852 1339 1937 Manilium
1368 1851 1551 1938 absolutum

344 1988 453 2068 etiam,
472 1996 628 2077 quantum
648 1985 682 2054 id
704 1985 834 2077 quidem
856 2008 915 2075 per
936 1986 1101 2075 ingenium
1120 1985 1374 2077 industriamque
1395 1996 1430 2056 et
1450 2008 1553 2059 anno·

343 2137 418 2193 rum
440 2114 514 2181 data
534 2123 681 2205 tempora
701 2113 798 2181 licuit
849 2113 966 2203 Neque
990 2114 1076 2179 enim
1098 2116 1137 2181 ab
1158 2114 1287 2203 ingenio
1311 2115 1486 2211 quidquam
1503 2116 1553 2184 in.-

342 2252 506 2324 teutatum
530 2240 662 2332 reliqui,
690 2242 768 2334 quin
794 2242 827 2308 in
855 2238 979 2308 mirifici
1003 2239 1142 2308 hominis
1167 2240 1310 2311 inuotem
1333 2251 1429 2333 atque
1451 2251 1554 2318 artem

340 2370 441 2462 plane
461 2379 496 2435 et
516 2340 644 2460 penitus
665 2392 719 2438 me
741 2370 832 2461 quasi
853 2368 1066 2451 insinuarem
1088 2345 1194 2459 neque
1210 2369 1366 2451 indusm‘a
1384 2368 1486 2442 ultum
1500 2392 1554 2441 re.-

341 2498 529 2566 turmidavit
548 2496 702 2580 laborem,
725 2520 788 2589 quo
812 2496 852 2563 ad
872 2520 987 2564 verum
1005 2496 1059 2564 vel
1077 2494 1305 2566 eveniendum
1318 2495 1375 2576 ,vet
1390 2496 1553 2570 stabilien-

342 2626 425 2693 dum
449 2626 690 2716 perveniretur3
719 2627 794 2692 anni
821 2634 930 2692 autem
958 2649 977 2691 a
1004 2633 1168 2693 contracta
1198 2633 1315 2714 poetae
1342 2623 1554 2700 familiaritate

342 2751 453 2835 muiti5
476 2755 619 2844 aprime
641 2753 758 2821 edendi
780 2743 913 2819 consilio
936 2753 1049 2842 viginti
1077 2751 1213 2842 amplius
1240 2752 1444 2842 praeteriere.
1485 2774 1554 2827 nou

343 2881 434 2973 <prud
455 2876 615 2951 continuis
637 2902 766 2970 semper
785 2879 896 2946 studiis
919 2903 1001 2970 opus
1024 2875 1189 2969 urgerem,
1216 2882 1276 2948 aed
1297 2889 1352 2963 ut,
1374 2878 1553 2971 quumeli-

343 2995 745 3108 qranpieperrefrixisset,
774 3006 950 3076 identidem
971 3016 1196 3089 retractarem,
1224 3015 1322 3097 atque
1344 3007 1452 3076 anima
1470 3007 1554 3080 {uuir

344 3145 458 3228 perata
478 3135 637 3226 lentiaque
668 3132 819 3216 brachiis,
847 3134 1069 3225 quaeparum
1095 3133 1270 3224 prudenter
1296 3133 1437 3225 prnerraa
1463 3134 1555 3208 vide.-

343 3273 473 3346 rentur,
502 3264 670 3353 diligenter
695 3262 895 3329 reeuderem.
943 3260 990 3329 Ita
1016 3264 1137 3353 factum
1166 3258 1233 3344 est,
1260 3271 1297 3330 ut
1316 3285 1429 3355 'neque
1452 3286 1471 3332 a
1494 3262 1555 3345 die,

344 3393 404 3482 qni
422 3391 562 3481 optimus
584 3379 729 3458 dacendi
748 3391 902 3479 magister
923 3399 987 3472 est,
1013 3370 1120 3482 neque
1137 3363 1188 3464 'ab
1208 3390 1354 3480 ingenia,
1374 3390 1467 3483 ,qued
1486 3390 1556 3463 'auis

344 3520 380 3586 in
405 3539 603 3610 unaqueque
630 3518 744 3586 finitus
773 3519 1050 3609 circumscriptum
1076 3540 1145 3585 nun
1178 3516 1262 3585 ultra
1287 3526 1398 3607 petest
1425 3515 1556 3601 intendi,

345 3668 502 3736 magnum
520 3646 641 3737 aliquid
663 3668 870 3716 accessurum
891 3667 1071 3736 sperarem,
1098 3654 1230 3736 prepter
1250 3645 1337 3737 quud
1358 3626 1413 3714 diu
1433 3646 1555 3724 retatus

345 3783 381 3842 et
402 3783 546 3841 matrum
568 3772 709 3866 quodam
730 3773 828 3840 modo
848 3771 902 3841 hie
923 3774 1007 3840 fetus
1030 3774 1255 3841 euntineretur.

433 3902 542 3987 Quem
563 3901 660 3969 velim
681 3903 764 3991 grati
784 3904 806 3968 ii
827 3901 994 3991 accipiant,
1006 3911 1141 3992 prepter
1154 3924 1237 3992 quus
1252 3900 1428 3990 edituaest.
1468 3898 1556 3992 quud

344 4052 414 4099 rien
433 4053 543 4098 meam
564 4030 606 4098 nb
626 4052 761 4099 causam
783 4038 921 4119 exoptu3
955 4050 1150 4120 quamquam
1178 4030 1248 4121 quis
1275 4038 1341 4096 tam
1361 4026 1554 4097 iubruaanua
1628 4057 1636 4072 ³

344 4158 453 4240 aare,
472 4158 551 4249 quin
571 4156 887 4245 lqbentermeritam
907 4154 1038 4223 laudern
1061 4155 1216 4247 mitigat?
1239 4156 1297 4223 sed
1318 4156 1469 4247 qadnnen
1486 4158 1556 4226 aine

348 4272 466 4353 dolore*
480 4308 577 4377 saepe
600 4309 659 4377 per
679 4286 779 4352 vitam
801 4283 955 4374 plurimos
978 4293 1130 4374 expertus
1153 4306 1238 4364 sum,
1261 4284 1315 4375 qui
1337 4307 1434 4376 quam
1455 4308 1556 4368 ¹suave

346 4422 452 4496 emet,
480 4407 574 4483 alie'ui
600 4411 720 4505 aliquid
748 4410 865 4479 debere
891 4432 1006 4502 parum
1032 4420 1201 4480 normam.
1255 4408 1367 4505 itaque
1392 4412 1463 4503 ipse
1493 4434 1554 4502 ego

344 4540 426 4611 nihil
446 4543 536 4635 priua
556 4563 619 4654 nec
639 4540 747 4632 potius
768 4535 890 4621 habeo,
920 4562 1018 4631 quam
1038 4550 1075 4608 ut
1098 4539 1142 4607 eis
1165 4538 1312 4607 amnibus
1338 4540 1555 4630 gratissimum

344 4671 491 4740 aninum
519 4668 692 4764 predum,
725 4691 745 4736 a
768 4668 888 4761 'quibus
915 4667 1021 4760 atiquo
1051 4668 1151 4735 modu
1176 4668 1213 4736 in
1239 4666 1431 4736 exarmando
1451 4659 1555 4735 hanefe

342 4798 615 4891 inbere'rtdietdt
637 4820 725 4882 enm
758 4792 814 4867 'lu
844 4794 958 4891 quibus
986 4818 1043 4867 em
1066 4817 1150 4891 prae
1170 4796 1291 4874 -eeteris
1318 4793 1469 4876 numine,
1493 4791 1559 4886 ¹qui
