<?xml version="1.0" encoding="UTF-8"?>
<!DOCTYPE html PUBLIC "-//W3C//DTD XHTML 1.0 Transitional//EN"
    "http://www.w3.org/TR/xhtml1/DTD/xhtml1-transitional.dtd">
<html xmlns="http://www.w3.org/1999/xhtml" xml:lang="en" lang="en">
 <head>
  <title>
</title>
<meta http-equiv="Content-Type" content="text/html;charset=utf-8" />
  <meta name='ocr-system' content='tesseract 3.04.00' />
  <meta name='ocr-capabilities' content='ocr_page ocr_carea ocr_par ocr_line ocrx_word'/>
</head>
<body>
  <div class='ocr_page' id='page_1' title='image "./mmaniliastronom00jacogoog/mmaniliastronom00jacogoog_0067.png"; bbox 0 0 3700 5609; ppageno 0'>
   <div class='ocr_carea' id='block_1_1' title="bbox 709 596 1146 670">
    <p class='ocr_par' dir='ltr' id='par_1_1' title="bbox 709 596 1146 670">
     <span class='ocr_line' id='line_1_1' title="bbox 709 596 1146 670; baseline -0.002 0"><span class='ocrx_word' id='word_1_1' title='bbox 709 598 814 670; x_wconf 73' lang='lat' dir='ltr'><strong>Linea</strong></span> <span class='ocrx_word' id='word_1_2' title='bbox 836 596 859 667; x_wconf 88' lang='grc' dir='ltr'><strong>Ι.</strong></span> <span class='ocrx_word' id='word_1_3' title='bbox 901 623 932 667; x_wconf 84' lang='lat' dir='ltr'><strong>v.</strong></span> <span class='ocrx_word' id='word_1_4' title='bbox 956 608 1146 670; x_wconf 76' lang='lat' dir='ltr'><strong>roa-rer.</strong></span> 
     </span>
    </p>
   </div>
   <div class='ocr_carea' id='block_1_2' title="bbox 335 768 1488 3418">
    <p class='ocr_par' dir='ltr' id='par_1_2' title="bbox 388 768 1258 863">
     <span class='ocr_line' id='line_1_2' title="bbox 388 768 1258 863; baseline 0 -24"><span class='ocrx_word' id='word_1_5' title='bbox 388 772 494 863; x_wconf 88' lang='lat' dir='ltr'><strong>Atque</strong></span> <span class='ocrx_word' id='word_1_6' title='bbox 516 769 568 839; x_wconf 88' lang='lat' dir='ltr'><strong>hic</strong></span> <span class='ocrx_word' id='word_1_7' title='bbox 590 770 756 853; x_wconf 79' lang='lat' dir='ltr'><strong>Aeacidas,</strong></span> <span class='ocrx_word' id='word_1_8' title='bbox 777 770 830 839; x_wconf 92' lang='lat' dir='ltr'><strong>hic</strong></span> <span class='ocrx_word' id='word_1_9' title='bbox 852 779 884 837; x_wconf 91' lang='lat' dir='ltr'><strong>et</strong></span> <span class='ocrx_word' id='word_1_10' title='bbox 904 780 1101 838; x_wconf 87' lang='lat' dir='ltr'><strong>venerantur</strong></span> <span class='ocrx_word' id='word_1_11' title='bbox 1121 768 1258 853; x_wconf 83' lang='lat' dir='ltr'><strong>Atridas,</strong></span> 
     </span>
    </p>

    <p class='ocr_par' dir='ltr' id='par_1_3' title="bbox 391 880 1310 972">
     <span class='ocr_line' id='line_1_3' title="bbox 391 880 1310 972; baseline 0 -24"><span class='ocrx_word' id='word_1_12' title='bbox 391 881 613 972; x_wconf 80' lang='lat' dir='ltr'><strong>Tydidemque</strong></span> <span class='ocrx_word' id='word_1_13' title='bbox 635 882 748 964; x_wconf 85' lang='lat' dir='ltr'><strong>iorum,</strong></span> <span class='ocrx_word' id='word_1_14' title='bbox 770 892 939 972; x_wconf 78' lang='lat' dir='ltr'><strong>terraeque</strong></span> <span class='ocrx_word' id='word_1_15' title='bbox 961 881 1121 970; x_wconf 87' lang='lat' dir='ltr'><strong>marisque</strong></span> <span class='ocrx_word' id='word_1_16' title='bbox 1144 880 1310 971; x_wconf 79' lang='lat' dir='ltr'>triumphis</span> 
     </span>
    </p>

    <p class='ocr_par' dir='ltr' id='par_1_4' title="bbox 340 990 1304 1192">
     <span class='ocr_line' id='line_1_4' title="bbox 390 990 1252 1080; baseline -0.001 -22"><span class='ocrx_word' id='word_1_17' title='bbox 390 990 534 1058; x_wconf 81' lang='lat' dir='ltr'><strong>Naturae</strong></span> <span class='ocrx_word' id='word_1_18' title='bbox 555 993 711 1059; x_wconf 88' lang='lat' dir='ltr'><strong>victorem</strong></span> <span class='ocrx_word' id='word_1_19' title='bbox 731 990 884 1074; x_wconf 81' lang='lat' dir='ltr'><strong>ithacum,</strong></span> <span class='ocrx_word' id='word_1_20' title='bbox 906 990 1099 1080; x_wconf 86' lang='lat' dir='ltr'><strong>Pyliumque</strong></span> <span class='ocrx_word' id='word_1_21' title='bbox 1121 999 1252 1057; x_wconf 81' lang='lat' dir='ltr'><strong>senecta</strong></span> 
     </span>
     <span class='ocr_line' id='line_1_5' title="bbox 340 1095 1304 1192; baseline 0.001 -28"><span class='ocrx_word' id='word_1_22' title='bbox 340 1116 379 1158; x_wconf 69' lang='lat' dir='ltr'><strong>aar</strong></span> <span class='ocrx_word' id='word_1_23' title='bbox 392 1095 553 1189; x_wconf 85' lang='lat' dir='ltr'><strong>Insignem</strong></span> <span class='ocrx_word' id='word_1_24' title='bbox 573 1098 697 1189; x_wconf 87' lang='lat' dir='ltr'><strong>triplici,</strong></span> <span class='ocrx_word' id='word_1_25' title='bbox 718 1099 934 1192; x_wconf 88' lang='lat' dir='ltr'><strong>Danaumque</strong></span> <span class='ocrx_word' id='word_1_26' title='bbox 957 1100 997 1167; x_wconf 89' lang='lat' dir='ltr'><strong>ad</strong></span> <span class='ocrx_word' id='word_1_27' title='bbox 1018 1099 1179 1189; x_wconf 84' lang='lat' dir='ltr'><strong>Pergama</strong></span> <span class='ocrx_word' id='word_1_28' title='bbox 1200 1121 1304 1189; x_wconf 84' lang='lat' dir='ltr'><strong>reges,</strong></span> 
     </span>
    </p>

    <p class='ocr_par' dir='ltr' id='par_1_5' title="bbox 335 1203 1488 1627">
     <span class='ocr_line' id='line_1_6' title="bbox 335 1203 1488 1299; baseline -0.004 -24"><span class='ocrx_word' id='word_1_29' title='bbox 335 1222 353 1251; x_wconf 75' lang='lat'><strong>·</strong></span> <span class='ocrx_word' id='word_1_30' title='bbox 390 1210 585 1275; x_wconf 79' lang='lat' dir='ltr'><strong>Assaracum</strong></span> <span class='ocrx_word' id='word_1_31' title='bbox 613 1218 709 1299; x_wconf 89' lang='lat' dir='ltr'><strong>atque</strong></span> <span class='ocrx_word' id='word_1_32' title='bbox 729 1208 825 1291; x_wconf 88' lang='lat' dir='ltr'><strong>llum,</strong></span> <span class='ocrx_word' id='word_1_33' title='bbox 851 1211 1068 1298; x_wconf 88' lang='lat' dir='ltr'><strong>invictamque</strong></span> <span class='ocrx_word' id='word_1_34' title='bbox 1095 1209 1153 1276; x_wconf 91' lang='lat' dir='ltr'><strong>sub</strong></span> <span class='ocrx_word' id='word_1_35' title='bbox 1181 1208 1323 1276; x_wconf 86' lang='lat' dir='ltr'><strong>Hectore</strong></span> <span class='ocrx_word' id='word_1_36' title='bbox 1346 1203 1488 1283; x_wconf 87' lang='lat' dir='ltr'><strong>Troiam,</strong></span> 
     </span>
     <span class='ocr_line' id='line_1_7' title="bbox 389 1317 1299 1409; baseline -0.003 -23"><span class='ocrx_word' id='word_1_37' title='bbox 389 1317 598 1408; x_wconf 89' lang='lat' dir='ltr'><strong>Auroraeque</strong></span> <span class='ocrx_word' id='word_1_38' title='bbox 617 1319 744 1408; x_wconf 83' lang='lat' dir='ltr'><strong>nigrum</strong></span> <span class='ocrx_word' id='word_1_39' title='bbox 765 1328 902 1409; x_wconf 89' lang='lat' dir='ltr'><strong>partum,</strong></span> <span class='ocrx_word' id='word_1_40' title='bbox 925 1320 1121 1408; x_wconf 75' lang='lat' dir='ltr'><strong>stirpemque</strong></span> <span class='ocrx_word' id='word_1_41' title='bbox 1144 1317 1299 1385; x_wconf 73' lang='lat' dir='ltr'><strong>Tonantis</strong></span> 
     </span>
     <span class='ocr_line' id='line_1_8' title="bbox 390 1426 1178 1519; baseline -0.001 -24"><span class='ocrx_word' id='word_1_42' title='bbox 390 1426 563 1495; x_wconf 80' lang='lat' dir='ltr'><strong>Rectorem</strong></span> <span class='ocrx_word' id='word_1_43' title='bbox 585 1426 726 1517; x_wconf 89' lang='lat' dir='ltr'><strong>Lyciae;</strong></span> <span class='ocrx_word' id='word_1_44' title='bbox 748 1451 809 1494; x_wconf 93' lang='lat' dir='ltr'><strong>nec</strong></span> <span class='ocrx_word' id='word_1_45' title='bbox 832 1437 874 1509; x_wconf 85' lang='lat' dir='ltr'><strong>te,</strong></span> <span class='ocrx_word' id='word_1_46' title='bbox 896 1427 1054 1495; x_wconf 87' lang='lat' dir='ltr'><strong>Mavortia</strong></span> <span class='ocrx_word' id='word_1_47' title='bbox 1076 1429 1178 1519; x_wconf 85' lang='lat' dir='ltr'><strong>virgo,</strong></span> 
     </span>
     <span class='ocr_line' id='line_1_9' title="bbox 388 1536 1267 1627; baseline -0.001 -24"><span class='ocrx_word' id='word_1_48' title='bbox 388 1536 605 1619; x_wconf 89' lang='lat' dir='ltr'><strong>Praeteream,</strong></span> <span class='ocrx_word' id='word_1_49' title='bbox 627 1560 784 1627; x_wconf 85' lang='lat' dir='ltr'><strong>regesque</strong></span> <span class='ocrx_word' id='word_1_50' title='bbox 807 1537 885 1604; x_wconf 87' lang='lat' dir='ltr'><strong>alios</strong></span> <span class='ocrx_word' id='word_1_51' title='bbox 910 1560 990 1627; x_wconf 91' lang='lat' dir='ltr'><strong>quos</strong></span> <span class='ocrx_word' id='word_1_52' title='bbox 1014 1537 1150 1605; x_wconf 89' lang='lat' dir='ltr'><strong>Graecia</strong></span> <span class='ocrx_word' id='word_1_53' title='bbox 1172 1538 1267 1618; x_wconf 88' lang='lat' dir='ltr'><strong>misit,</strong></span> 
     </span>
    </p>

    <p class='ocr_par' dir='ltr' id='par_1_6' title="bbox 339 1644 1304 2173">
     <span class='ocr_line' id='line_1_10' title="bbox 339 1644 1229 1736; baseline 0.001 -26"><span class='ocrx_word' id='word_1_54' title='bbox 339 1663 379 1704; x_wconf 74' lang='grc' dir='ltr'><strong>πυ</strong></span> <span class='ocrx_word' id='word_1_55' title='bbox 390 1644 497 1736; x_wconf 92' lang='lat' dir='ltr'><strong>Atque</strong></span> <span class='ocrx_word' id='word_1_56' title='bbox 517 1645 614 1711; x_wconf 92' lang='lat' dir='ltr'><strong>Asiae</strong></span> <span class='ocrx_word' id='word_1_57' title='bbox 636 1656 748 1735; x_wconf 78' lang='lat' dir='ltr'><strong>gentes</strong></span> <span class='ocrx_word' id='word_1_58' title='bbox 771 1656 804 1715; x_wconf 90' lang='lat' dir='ltr'><strong>et</strong></span> <span class='ocrx_word' id='word_1_59' title='bbox 825 1646 943 1736; x_wconf 85' lang='lat' dir='ltr'><strong>Magno</strong></span> <span class='ocrx_word' id='word_1_60' title='bbox 966 1647 1106 1713; x_wconf 85' lang='lat' dir='ltr'><strong>maxima</strong></span> <span class='ocrx_word' id='word_1_61' title='bbox 1127 1645 1229 1713; x_wconf 87' lang='lat' dir='ltr'><strong>Pella.</strong></span> 
     </span>
     <span class='ocr_line' id='line_1_11' title="bbox 388 1755 1254 1845; baseline -0.001 -24"><span class='ocrx_word' id='word_1_62' title='bbox 388 1755 516 1844; x_wconf 83' lang='lat' dir='ltr'><strong>Quique</strong></span> <span class='ocrx_word' id='word_1_63' title='bbox 538 1756 635 1821; x_wconf 90' lang='lat' dir='ltr'><strong>animi</strong></span> <span class='ocrx_word' id='word_1_64' title='bbox 655 1755 740 1822; x_wconf 83' lang='lat' dir='ltr'><strong>vires</strong></span> <span class='ocrx_word' id='word_1_65' title='bbox 764 1764 796 1821; x_wconf 92' lang='lat' dir='ltr'><strong>et</strong></span> <span class='ocrx_word' id='word_1_66' title='bbox 817 1757 943 1822; x_wconf 89' lang='lat' dir='ltr'><strong>strictas</strong></span> <span class='ocrx_word' id='word_1_67' title='bbox 965 1756 1108 1845; x_wconf 90' lang='lat' dir='ltr'><strong>pondere</strong></span> <span class='ocrx_word' id='word_1_68' title='bbox 1130 1764 1254 1821; x_wconf 88' lang='lat' dir='ltr'><strong>mentes</strong></span> 
     </span>
     <span class='ocr_line' id='line_1_12' title="bbox 387 1863 1233 1953; baseline 0 -23"><span class='ocrx_word' id='word_1_69' title='bbox 387 1863 567 1931; x_wconf 92' lang='lat' dir='ltr'><strong>Prudentes</strong></span> <span class='ocrx_word' id='word_1_70' title='bbox 589 1864 731 1932; x_wconf 87' lang='lat' dir='ltr'><strong>habuere</strong></span> <span class='ocrx_word' id='word_1_71' title='bbox 751 1865 820 1947; x_wconf 88' lang='lat' dir='ltr'><strong>viri,</strong></span> <span class='ocrx_word' id='word_1_72' title='bbox 841 1864 955 1953; x_wconf 91' lang='lat' dir='ltr'><strong>quibus</strong></span> <span class='ocrx_word' id='word_1_73' title='bbox 978 1866 1080 1931; x_wconf 83' lang='lat' dir='ltr'><strong>omnis</strong></span> <span class='ocrx_word' id='word_1_74' title='bbox 1103 1866 1136 1931; x_wconf 91' lang='lat' dir='ltr'><strong>in</strong></span> <span class='ocrx_word' id='word_1_75' title='bbox 1156 1866 1233 1953; x_wconf 88' lang='lat' dir='ltr'><strong>ipsis</strong></span> 
     </span>
     <span class='ocr_line' id='line_1_13' title="bbox 389 1972 1304 2064; baseline 0 -25"><span class='ocrx_word' id='word_1_76' title='bbox 389 1972 514 2040; x_wconf 81' lang='lat' dir='ltr'><strong>Census</strong></span> <span class='ocrx_word' id='word_1_77' title='bbox 538 1982 616 2054; x_wconf 86' lang='lat' dir='ltr'><strong>erat,</strong></span> <span class='ocrx_word' id='word_1_78' title='bbox 637 1974 804 2064; x_wconf 88' lang='lat' dir='ltr'><strong>iustusque</strong></span> <span class='ocrx_word' id='word_1_79' title='bbox 825 1973 928 2041; x_wconf 90' lang='lat' dir='ltr'><strong>Solon</strong></span> <span class='ocrx_word' id='word_1_80' title='bbox 949 1975 1103 2064; x_wconf 75' lang='lat' dir='ltr'><strong>fortisque</strong></span> <span class='ocrx_word' id='word_1_81' title='bbox 1124 1972 1304 2063; x_wconf 81' lang='lat' dir='ltr'><strong>Lycurgus,</strong></span> 
     </span>
     <span class='ocr_line' id='line_1_14' title="bbox 386 2081 1247 2173; baseline -0.001 -25"><span class='ocrx_word' id='word_1_82' title='bbox 386 2081 628 2172; x_wconf 90' lang='lat' dir='ltr'><strong>Aethereusque</strong></span> <span class='ocrx_word' id='word_1_83' title='bbox 650 2082 765 2151; x_wconf 85' lang='lat' dir='ltr'><strong>Pluton</strong></span> <span class='ocrx_word' id='word_1_84' title='bbox 788 2094 821 2151; x_wconf 92' lang='lat' dir='ltr'><strong>et</strong></span> <span class='ocrx_word' id='word_1_85' title='bbox 843 2086 896 2173; x_wconf 90' lang='lat' dir='ltr'><strong>qui</strong></span> <span class='ocrx_word' id='word_1_86' title='bbox 917 2083 1128 2152; x_wconf 80' lang='lat' dir='ltr'><strong>fabricaverat</strong></span> <span class='ocrx_word' id='word_1_87' title='bbox 1146 2081 1247 2163; x_wconf 86' lang='lat' dir='ltr'><strong>illum,</strong></span> 
     </span>
    </p>

    <p class='ocr_par' dir='ltr' id='par_1_7' title="bbox 338 2191 1287 2720">
     <span class='ocr_line' id='line_1_15' title="bbox 338 2191 1228 2283; baseline -0.002 -25"><span class='ocrx_word' id='word_1_88' title='bbox 338 2211 376 2251; x_wconf 68' lang='grc'><strong>776</strong></span> <span class='ocrx_word' id='word_1_89' title='bbox 390 2191 634 2283; x_wconf 89' lang='lat' dir='ltr'><strong>Damnatusque</strong></span> <span class='ocrx_word' id='word_1_90' title='bbox 657 2216 732 2259; x_wconf 85' lang='lat' dir='ltr'><strong>suas</strong></span> <span class='ocrx_word' id='word_1_91' title='bbox 755 2191 869 2259; x_wconf 86' lang='lat' dir='ltr'><strong>melius</strong></span> <span class='ocrx_word' id='word_1_92' title='bbox 893 2193 1055 2260; x_wconf 85' lang='lat' dir='ltr'><strong>damnavit</strong></span> <span class='ocrx_word' id='word_1_93' title='bbox 1076 2191 1228 2272; x_wconf 84' lang='lat' dir='ltr'><strong>Athenas,</strong></span> 
     </span>
     <span class='ocr_line' id='line_1_16' title="bbox 386 2300 1287 2392; baseline -0.001 -25"><span class='ocrx_word' id='word_1_94' title='bbox 386 2300 526 2368; x_wconf 87' lang='lat' dir='ltr'><strong>Persidis</strong></span> <span class='ocrx_word' id='word_1_95' title='bbox 549 2311 582 2369; x_wconf 92' lang='lat' dir='ltr'><strong>et</strong></span> <span class='ocrx_word' id='word_1_96' title='bbox 602 2303 713 2383; x_wconf 85' lang='lat' dir='ltr'><strong>victor,</strong></span> <span class='ocrx_word' id='word_1_97' title='bbox 735 2311 852 2369; x_wconf 90' lang='lat' dir='ltr'><strong>strarat</strong></span> <span class='ocrx_word' id='word_1_98' title='bbox 874 2325 956 2392; x_wconf 89' lang='lat' dir='ltr'><strong>quae</strong></span> <span class='ocrx_word' id='word_1_99' title='bbox 979 2301 1134 2368; x_wconf 85' lang='lat' dir='ltr'><strong>classibus</strong></span> <span class='ocrx_word' id='word_1_100' title='bbox 1157 2323 1287 2392; x_wconf 88' lang='lat' dir='ltr'><strong>aequor.</strong></span> 
     </span>
     <span class='ocr_line' id='line_1_17' title="bbox 387 2408 1287 2505; baseline 0 -30"><span class='ocrx_word' id='word_1_101' title='bbox 387 2408 588 2501; x_wconf 85' lang='lat' dir='ltr'><strong>Romanique</strong></span> <span class='ocrx_word' id='word_1_102' title='bbox 609 2413 678 2491; x_wconf 82' lang='lat' dir='ltr'><strong>viri,</strong></span> <span class='ocrx_word' id='word_1_103' title='bbox 701 2434 838 2500; x_wconf 89' lang='lat' dir='ltr'><strong>quorum</strong></span> <span class='ocrx_word' id='word_1_104' title='bbox 860 2413 923 2478; x_wconf 91' lang='lat' dir='ltr'><strong>iam</strong></span> <span class='ocrx_word' id='word_1_105' title='bbox 945 2408 1202 2505; x_wconf 23' lang='lat' dir='ltr'><strong>maximatturba</strong></span> <span class='ocrx_word' id='word_1_106' title='bbox 1224 2419 1287 2476; x_wconf 85' lang='lat' dir='ltr'><strong>est:</strong></span> 
     </span>
     <span class='ocr_line' id='line_1_18' title="bbox 387 2518 1226 2612; baseline 0 -27"><span class='ocrx_word' id='word_1_107' title='bbox 387 2518 625 2612; x_wconf 90' lang='lat' dir='ltr'><strong>Tarquinioque</strong></span> <span class='ocrx_word' id='word_1_108' title='bbox 646 2523 751 2589; x_wconf 87' lang='lat' dir='ltr'><strong>minus</strong></span> <span class='ocrx_word' id='word_1_109' title='bbox 774 2544 877 2611; x_wconf 82' lang='lat' dir='ltr'><strong>reges,</strong></span> <span class='ocrx_word' id='word_1_110' title='bbox 900 2530 933 2588; x_wconf 92' lang='lat' dir='ltr'><strong>et</strong></span> <span class='ocrx_word' id='word_1_111' title='bbox 954 2520 1088 2587; x_wconf 88' lang='lat' dir='ltr'><strong>Horatia</strong></span> <span class='ocrx_word' id='word_1_112' title='bbox 1108 2518 1226 2609; x_wconf 88' lang='lat' dir='ltr'><strong>proles,</strong></span> 
     </span>
     <span class='ocr_line' id='line_1_19' title="bbox 389 2626 1266 2720; baseline 0.002 -27"><span class='ocrx_word' id='word_1_113' title='bbox 389 2626 472 2693; x_wconf 90' lang='lat' dir='ltr'><strong>Tota</strong></span> <span class='ocrx_word' id='word_1_114' title='bbox 495 2630 580 2695; x_wconf 87' lang='lat' dir='ltr'><strong>acies</strong></span> <span class='ocrx_word' id='word_1_115' title='bbox 603 2640 724 2720; x_wconf 87' lang='lat' dir='ltr'><strong>partus,</strong></span> <span class='ocrx_word' id='word_1_116' title='bbox 745 2654 806 2697; x_wconf 92' lang='lat' dir='ltr'><strong>nec</strong></span> <span class='ocrx_word' id='word_1_117' title='bbox 828 2652 894 2697; x_wconf 92' lang='lat' dir='ltr'><strong>non</strong></span> <span class='ocrx_word' id='word_1_118' title='bbox 917 2640 950 2698; x_wconf 91' lang='lat' dir='ltr'><strong>et</strong></span> <span class='ocrx_word' id='word_1_119' title='bbox 971 2629 1131 2698; x_wconf 80' lang='lat' dir='ltr'><strong>Scaevola</strong></span> <span class='ocrx_word' id='word_1_120' title='bbox 1154 2638 1266 2696; x_wconf 91' lang='lat' dir='ltr'><strong>trunco</strong></span> 
     </span>
    </p>

    <p class='ocr_par' dir='ltr' id='par_1_8' title="bbox 337 2737 1151 2830">
     <span class='ocr_line' id='line_1_20' title="bbox 337 2737 1151 2830; baseline -0.001 -23"><span class='ocrx_word' id='word_1_121' title='bbox 337 2737 542 2821; x_wconf 74' lang='lat' dir='ltr'><strong>roNobitior,</strong></span> <span class='ocrx_word' id='word_1_122' title='bbox 564 2741 729 2830; x_wconf 89' lang='lat' dir='ltr'><strong>maiorque</strong></span> <span class='ocrx_word' id='word_1_123' title='bbox 751 2740 826 2806; x_wconf 89' lang='lat' dir='ltr'><strong>viris</strong></span> <span class='ocrx_word' id='word_1_124' title='bbox 850 2749 889 2807; x_wconf 91' lang='lat' dir='ltr'><strong>et</strong></span> <span class='ocrx_word' id='word_1_125' title='bbox 905 2739 1028 2807; x_wconf 88' lang='lat' dir='ltr'><strong>Cloeha</strong></span> <span class='ocrx_word' id='word_1_126' title='bbox 1050 2741 1151 2830; x_wconf 83' lang='lat' dir='ltr'><strong>virgo,</strong></span> 
     </span>
    </p>

    <p class='ocr_par' dir='ltr' id='par_1_9' title="bbox 336 2847 1310 3418">
     <span class='ocr_line' id='line_1_21' title="bbox 385 2847 1250 2940; baseline -0.001 -24"><span class='ocrx_word' id='word_1_127' title='bbox 385 2847 428 2916; x_wconf 87' lang='lat' dir='ltr'><strong>Et</strong></span> <span class='ocrx_word' id='word_1_128' title='bbox 449 2848 597 2916; x_wconf 89' lang='lat' dir='ltr'><strong>Romana</strong></span> <span class='ocrx_word' id='word_1_129' title='bbox 618 2850 733 2931; x_wconf 79' lang='lat' dir='ltr'><strong>terens,</strong></span> <span class='ocrx_word' id='word_1_130' title='bbox 756 2871 839 2940; x_wconf 89' lang='lat' dir='ltr'><strong>quae</strong></span> <span class='ocrx_word' id='word_1_131' title='bbox 861 2850 951 2930; x_wconf 80' lang='lat' dir='ltr'><strong>texit,</strong></span> <span class='ocrx_word' id='word_1_132' title='bbox 973 2852 1100 2916; x_wconf 90' lang='lat' dir='ltr'><strong>moenia</strong></span> <span class='ocrx_word' id='word_1_133' title='bbox 1123 2848 1250 2929; x_wconf 89' lang='lat' dir='ltr'><strong>Cocles,</strong></span> 
     </span>
     <span class='ocr_line' id='line_1_22' title="bbox 386 2956 1137 3048; baseline 0 -23"><span class='ocrx_word' id='word_1_134' title='bbox 386 2957 429 3025; x_wconf 88' lang='lat' dir='ltr'><strong>Et</strong></span> <span class='ocrx_word' id='word_1_135' title='bbox 450 2956 634 3025; x_wconf 89' lang='lat' dir='ltr'><strong>commilitio</strong></span> <span class='ocrx_word' id='word_1_136' title='bbox 656 2957 796 3025; x_wconf 87' lang='lat' dir='ltr'><strong>volucris</strong></span> <span class='ocrx_word' id='word_1_137' title='bbox 819 2957 979 3026; x_wconf 88' lang='lat' dir='ltr'><strong>Corvinus</strong></span> <span class='ocrx_word' id='word_1_138' title='bbox 1003 2959 1137 3048; x_wconf 85' lang='lat' dir='ltr'><strong>adeptus</strong></span> 
     </span>
     <span class='ocr_line' id='line_1_23' title="bbox 385 3066 1310 3157; baseline 0.001 -22"><span class='ocrx_word' id='word_1_139' title='bbox 385 3067 428 3135; x_wconf 91' lang='lat' dir='ltr'><strong>Et</strong></span> <span class='ocrx_word' id='word_1_140' title='bbox 449 3066 551 3157; x_wconf 90' lang='lat' dir='ltr'><strong>spolia</strong></span> <span class='ocrx_word' id='word_1_141' title='bbox 574 3078 607 3135; x_wconf 90' lang='lat' dir='ltr'><strong>et</strong></span> <span class='ocrx_word' id='word_1_142' title='bbox 627 3090 756 3149; x_wconf 88' lang='lat' dir='ltr'><strong>nornen,</strong></span> <span class='ocrx_word' id='word_1_143' title='bbox 778 3068 833 3157; x_wconf 91' lang='lat' dir='ltr'><strong>qui</strong></span> <span class='ocrx_word' id='word_1_144' title='bbox 854 3076 960 3157; x_wconf 84' lang='lat' dir='ltr'><strong>gestat</strong></span> <span class='ocrx_word' id='word_1_145' title='bbox 981 3068 1013 3134; x_wconf 91' lang='lat' dir='ltr'><strong>iu</strong></span> <span class='ocrx_word' id='word_1_146' title='bbox 1037 3067 1110 3135; x_wconf 90' lang='lat' dir='ltr'><strong>alite</strong></span> <span class='ocrx_word' id='word_1_147' title='bbox 1132 3066 1310 3153; x_wconf 88' lang='lat' dir='ltr'><strong>Phoebum,</strong></span> 
     </span>
     <span class='ocr_line' id='line_1_24' title="bbox 385 3175 1301 3269; baseline 0.001 -24"><span class='ocrx_word' id='word_1_148' title='bbox 385 3176 428 3245; x_wconf 82' lang='lat' dir='ltr'><strong>Et</strong></span> <span class='ocrx_word' id='word_1_149' title='bbox 447 3177 524 3246; x_wconf 91' lang='lat' dir='ltr'><strong>love</strong></span> <span class='ocrx_word' id='word_1_150' title='bbox 547 3181 602 3269; x_wconf 93' lang='lat' dir='ltr'><strong>qui</strong></span> <span class='ocrx_word' id='word_1_151' title='bbox 623 3178 740 3246; x_wconf 89' lang='lat' dir='ltr'><strong>meruit</strong></span> <span class='ocrx_word' id='word_1_152' title='bbox 761 3176 896 3258; x_wconf 88' lang='lat' dir='ltr'><strong>caelum,</strong></span> <span class='ocrx_word' id='word_1_153' title='bbox 917 3175 1122 3267; x_wconf 88' lang='lat' dir='ltr'><strong>Romamque</strong></span> <span class='ocrx_word' id='word_1_154' title='bbox 1145 3177 1301 3248; x_wconf 84' lang='lat' dir='ltr'><strong>Camillus</strong></span> 
     </span>
     <span class='ocr_line' id='line_1_25' title="bbox 336 3287 1192 3380; baseline 0 -26"><span class='ocrx_word' id='word_1_155' title='bbox 336 3304 374 3346; x_wconf 70' lang='grc'><strong>766</strong></span> <span class='ocrx_word' id='word_1_156' title='bbox 387 3287 555 3354; x_wconf 89' lang='lat' dir='ltr'><strong>Servando</strong></span> <span class='ocrx_word' id='word_1_157' title='bbox 576 3288 693 3380; x_wconf 85' lang='lat' dir='ltr'><strong>posuit,</strong></span> <span class='ocrx_word' id='word_1_158' title='bbox 713 3287 899 3379; x_wconf 88' lang='lat' dir='ltr'><strong>Bmtusque</strong></span> <span class='ocrx_word' id='word_1_159' title='bbox 921 3309 940 3352; x_wconf 91' lang='lat' dir='ltr'><strong>a</strong></span> <span class='ocrx_word' id='word_1_160' title='bbox 963 3309 1039 3376; x_wconf 83' lang='lat' dir='ltr'><strong>rege</strong></span> <span class='ocrx_word' id='word_1_161' title='bbox 1062 3297 1192 3377; x_wconf 90' lang='lat' dir='ltr'><strong>recepta</strong></span> 
     </span>
     <span class='ocr_line' id='line_1_26' title="bbox 581 3389 595 3418; baseline 0 0"><span class='ocrx_word' id='word_1_162' title='bbox 581 3389 595 3418; x_wconf 66' lang='grc' dir='ltr'><strong><em>ὓ</em></strong></span> 
     </span>
    </p>
   </div>
   <div class='ocr_carea' id='block_1_3' title="bbox 320 3512 1527 3743">
    <p class='ocr_par' dir='ltr' id='par_1_10' title="bbox 320 3512 1527 3743">
     <span class='ocr_line' id='line_1_27' title="bbox 320 3512 1441 3590; baseline 0.001 -20"><span class='ocrx_word' id='word_1_163' title='bbox 320 3515 357 3573; x_wconf 90' lang='lat' dir='ltr'><strong>A.</strong></span> <span class='ocrx_word' id='word_1_164' title='bbox 374 3532 401 3572; x_wconf 84' lang='lat' dir='ltr'><strong>v.</strong></span> <span class='ocrx_word' id='word_1_165' title='bbox 414 3516 473 3572; x_wconf 92' lang='grc'><strong>762</strong></span> <span class='ocrx_word' id='word_1_166' title='bbox 493 3531 659 3571; x_wconf 84' lang='lat' dir='ltr'><strong>veneramur</strong></span> <span class='ocrx_word' id='word_1_167' title='bbox 772 3530 798 3567; x_wconf 84' lang='lat' dir='ltr'><strong>r.</strong></span> <span class='ocrx_word' id='word_1_168' title='bbox 812 3515 869 3570; x_wconf 89' lang='grc'><strong>766</strong></span> <span class='ocrx_word' id='word_1_169' title='bbox 892 3512 996 3570; x_wconf 81' lang='lat' dir='ltr'><strong>Caetra</strong></span> <span class='ocrx_word' id='word_1_170' title='bbox 1016 3512 1120 3571; x_wconf 89' lang='lat' dir='ltr'><strong>ducum</strong></span> <span class='ocrx_word' id='word_1_171' title='bbox 1139 3522 1169 3570; x_wconf 90' lang='lat' dir='ltr'><strong>et</strong></span> <span class='ocrx_word' id='word_1_172' title='bbox 1189 3514 1263 3573; x_wconf 88' lang='lat' dir='ltr'><strong>caeli</strong></span> <span class='ocrx_word' id='word_1_173' title='bbox 1282 3515 1441 3590; x_wconf 80' lang='lat' dir='ltr'><strong>victamque</strong></span> 
     </span>
     <span class='ocr_line' id='line_1_28' title="bbox 377 3589 1527 3668; baseline 0.003 -24"><span class='ocrx_word' id='word_1_174' title='bbox 377 3610 404 3646; x_wconf 85' lang='lat' dir='ltr'><strong>v.</strong></span> <span class='ocrx_word' id='word_1_175' title='bbox 418 3594 475 3649; x_wconf 91' lang='grc'><strong>770</strong></span> <span class='ocrx_word' id='word_1_176' title='bbox 498 3589 574 3647; x_wconf 88' lang='lat' dir='ltr'><strong>bella</strong></span> <span class='ocrx_word' id='word_1_177' title='bbox 670 3608 696 3646; x_wconf 84' lang='lat' dir='ltr'><strong>v.</strong></span> <span class='ocrx_word' id='word_1_178' title='bbox 710 3592 766 3647; x_wconf 88' lang='grc'><strong>776</strong></span> <span class='ocrx_word' id='word_1_179' title='bbox 793 3591 841 3664; x_wconf 92' lang='lat' dir='ltr'><strong>qui</strong></span> <span class='ocrx_word' id='word_1_180' title='bbox 939 3607 965 3644; x_wconf 83' lang='lat' dir='ltr'><strong>v.</strong></span> <span class='ocrx_word' id='word_1_181' title='bbox 979 3592 1035 3648; x_wconf 82' lang='grc'><strong>779</strong></span> <span class='ocrx_word' id='word_1_182' title='bbox 1062 3591 1138 3647; x_wconf 80' lang='lat' dir='ltr'><strong>acies</strong></span> <span class='ocrx_word' id='word_1_183' title='bbox 1159 3593 1240 3668; x_wconf 91' lang='lat' dir='ltr'><strong>ponti</strong></span> <span class='ocrx_word' id='word_1_184' title='bbox 1342 3609 1366 3648; x_wconf 81' lang='lat' dir='ltr'><strong>r.</strong></span> <span class='ocrx_word' id='word_1_185' title='bbox 1380 3594 1438 3649; x_wconf 85' lang='grc'>782</span> <span class='ocrx_word' id='word_1_186' title='bbox 1462 3608 1527 3647; x_wconf 87' lang='lat' dir='ltr'><strong>cum</strong></span> 
     </span>
     <span class='ocr_line' id='line_1_29' title="bbox 378 3667 805 3743; baseline -0.002 -20"><span class='ocrx_word' id='word_1_187' title='bbox 378 3667 479 3723; x_wconf 88' lang='lat' dir='ltr'><strong>militia</strong></span> <span class='ocrx_word' id='word_1_188' title='bbox 556 3683 580 3722; x_wconf 86' lang='lat' dir='ltr'><strong>r.</strong></span> <span class='ocrx_word' id='word_1_189' title='bbox 593 3669 650 3724; x_wconf 89' lang='grc'><strong>785</strong></span> <span class='ocrx_word' id='word_1_190' title='bbox 670 3674 805 3743; x_wconf 86' lang='lat' dir='ltr'><strong>receptae</strong></span> 
     </span>
    </p>
   </div>
   <div class='ocr_carea' id='block_1_4' title="bbox 320 3792 1526 3950">
    <p class='ocr_par' dir='ltr' id='par_1_11' title="bbox 320 3792 1526 3950">
     <span class='ocr_line' id='line_1_30' title="bbox 320 3792 1526 3867; baseline -0.001 -15"><span class='ocrx_word' id='word_1_191' title='bbox 320 3794 355 3853; x_wconf 76' lang='lat' dir='ltr'><strong>S.</strong></span> <span class='ocrx_word' id='word_1_192' title='bbox 378 3812 403 3851; x_wconf 85' lang='lat' dir='ltr'><strong>v.</strong></span> <span class='ocrx_word' id='word_1_193' title='bbox 417 3797 475 3852; x_wconf 84' lang='lat'><strong>762</strong></span> <span class='ocrx_word' id='word_1_194' title='bbox 493 3811 661 3852; x_wconf 81' lang='lat' dir='ltr'><strong>veneramur</strong></span> <span class='ocrx_word' id='word_1_195' title='bbox 752 3811 778 3849; x_wconf 87' lang='lat' dir='ltr'><strong>v.</strong></span> <span class='ocrx_word' id='word_1_196' title='bbox 792 3794 849 3850; x_wconf 87' lang='grc'>766</span> <span class='ocrx_word' id='word_1_197' title='bbox 870 3792 974 3849; x_wconf 87' lang='lat' dir='ltr'><strong>omisit.</strong></span> <span class='ocrx_word' id='word_1_198' title='bbox 1071 3811 1096 3850; x_wconf 87' lang='lat' dir='ltr'><strong>r.</strong></span> <span class='ocrx_word' id='word_1_199' title='bbox 1110 3795 1167 3851; x_wconf 89' lang='grc'><strong>776</strong></span> <span class='ocrx_word' id='word_1_200' title='bbox 1190 3794 1238 3867; x_wconf 90' lang='lat' dir='ltr'><strong>qui</strong></span> <span class='ocrx_word' id='word_1_201' title='bbox 1331 3811 1357 3850; x_wconf 83' lang='lat' dir='ltr'><strong>r.</strong></span> <span class='ocrx_word' id='word_1_202' title='bbox 1371 3795 1427 3852; x_wconf 85' lang='grc'><strong>779</strong></span> <span class='ocrx_word' id='word_1_203' title='bbox 1448 3793 1526 3855; x_wconf 67' lang='lat' dir='ltr'><strong>acies</strong></span> 
     </span>
     <span class='ocr_line' id='line_1_31' title="bbox 377 3872 1240 3950; baseline -0.002 -22"><span class='ocrx_word' id='word_1_204' title='bbox 377 3872 467 3950; x_wconf 85' lang='lat' dir='ltr'><strong>partis</strong></span> <span class='ocrx_word' id='word_1_205' title='bbox 545 3888 571 3927; x_wconf 86' lang='lat' dir='ltr'><strong>v.</strong></span> <span class='ocrx_word' id='word_1_206' title='bbox 584 3873 640 3928; x_wconf 84' lang='lat'><strong>785</strong></span> <span class='ocrx_word' id='word_1_207' title='bbox 661 3878 795 3947; x_wconf 85' lang='lat' dir='ltr'><strong>receptae</strong></span> <span class='ocrx_word' id='word_1_208' title='bbox 1238 3904 1240 3908; x_wconf 92' lang='lat'><em>-</em></span> 
     </span>
    </p>
   </div>
   <div class='ocr_carea' id='block_1_5' title="bbox 319 3996 1507 4152">
    <p class='ocr_par' dir='ltr' id='par_1_12' title="bbox 319 3996 1507 4152">
     <span class='ocr_line' id='line_1_32' title="bbox 319 3996 1507 4073; baseline -0.003 -16"><span class='ocrx_word' id='word_1_209' title='bbox 319 3999 357 4057; x_wconf 92' lang='lat' dir='ltr'><strong>B.</strong></span> <span class='ocrx_word' id='word_1_210' title='bbox 376 4017 403 4055; x_wconf 80' lang='lat' dir='ltr'><strong>r.</strong></span> <span class='ocrx_word' id='word_1_211' title='bbox 416 4000 473 4058; x_wconf 89' lang='grc'>762</span> <span class='ocrx_word' id='word_1_212' title='bbox 493 4015 660 4055; x_wconf 83' lang='lat' dir='ltr'><strong>veneramur</strong></span> <span class='ocrx_word' id='word_1_213' title='bbox 755 4016 781 4054; x_wconf 84' lang='lat' dir='ltr'><strong>v.</strong></span> <span class='ocrx_word' id='word_1_214' title='bbox 795 4000 852 4055; x_wconf 86' lang='grc'><strong>768</strong></span> <span class='ocrx_word' id='word_1_215' title='bbox 873 3996 1069 4073; x_wconf 86' lang='lat' dir='ltr'><strong>Tydidenque</strong></span> <span class='ocrx_word' id='word_1_216' title='bbox 1172 4013 1196 4052; x_wconf 83' lang='lat' dir='ltr'><strong>v.</strong></span> <span class='ocrx_word' id='word_1_217' title='bbox 1210 3998 1267 4054; x_wconf 90' lang='grc'><strong>766</strong></span> <span class='ocrx_word' id='word_1_218' title='bbox 1287 4004 1435 4073; x_wconf 88' lang='lat' dir='ltr'><strong>totamque</strong></span> <span class='ocrx_word' id='word_1_219' title='bbox 1455 3998 1507 4053; x_wconf 85' lang='lat' dir='ltr'><strong>sub</strong></span> 
     </span>
     <span class='ocr_line' id='line_1_33' title="bbox 379 4073 1420 4152; baseline 0.001 -22"><span class='ocrx_word' id='word_1_220' title='bbox 379 4094 404 4132; x_wconf 83' lang='lat' dir='ltr'><strong>r.</strong></span> <span class='ocrx_word' id='word_1_221' title='bbox 419 4078 472 4133; x_wconf 92' lang='grc'><strong>771</strong></span> <span class='ocrx_word' id='word_1_222' title='bbox 496 4076 611 4131; x_wconf 87' lang='lat' dir='ltr'><strong>strictae</strong></span> <span class='ocrx_word' id='word_1_223' title='bbox 631 4073 761 4152; x_wconf 88' lang='lat' dir='ltr'><strong>pondera</strong></span> <span class='ocrx_word' id='word_1_224' title='bbox 838 4088 863 4130; x_wconf 86' lang='lat' dir='ltr'><strong>r.</strong></span> <span class='ocrx_word' id='word_1_225' title='bbox 878 4077 935 4131; x_wconf 90' lang='grc'><strong>776</strong></span> <span class='ocrx_word' id='word_1_226' title='bbox 955 4074 1091 4132; x_wconf 87' lang='lat' dir='ltr'><strong>Persidos</strong></span> <span class='ocrx_word' id='word_1_227' title='bbox 1169 4091 1195 4129; x_wconf 86' lang='lat' dir='ltr'><strong>v.</strong></span> <span class='ocrx_word' id='word_1_228' title='bbox 1209 4075 1265 4132; x_wconf 92' lang='grc'><strong>785</strong></span> <span class='ocrx_word' id='word_1_229' title='bbox 1285 4083 1420 4151; x_wconf 84' lang='lat' dir='ltr'><strong>receptae</strong></span> 
     </span>
    </p>
   </div>
   <div class='ocr_carea' id='block_1_6' title="bbox 320 4198 1528 4812">
    <p class='ocr_par' dir='ltr' id='par_1_13' title="bbox 320 4198 1528 4352">
     <span class='ocr_line' id='line_1_34' title="bbox 320 4198 1528 4260; baseline -0.002 0"><span class='ocrx_word' id='word_1_230' title='bbox 320 4202 358 4260; x_wconf 86' lang='lat' dir='ltr'><strong>V.</strong></span> <span class='ocrx_word' id='word_1_231' title='bbox 380 4220 405 4259; x_wconf 85' lang='lat' dir='ltr'><strong>v.</strong></span> <span class='ocrx_word' id='word_1_232' title='bbox 419 4205 477 4260; x_wconf 87' lang='grc'><strong>762</strong></span> <span class='ocrx_word' id='word_1_233' title='bbox 496 4218 662 4259; x_wconf 70' lang='lat' dir='ltr'><strong>animemur</strong></span> <span class='ocrx_word' id='word_1_234' title='bbox 672 4201 707 4258; x_wconf 88' lang='lat' dir='ltr'><strong>L.</strong></span> <span class='ocrx_word' id='word_1_235' title='bbox 731 4204 909 4259; x_wconf 84' lang='lat' dir='ltr'><strong>Venerantur</strong></span> <span class='ocrx_word' id='word_1_236' title='bbox 926 4201 964 4257; x_wconf 80' lang='lat' dir='ltr'><strong>V.</strong></span> <span class='ocrx_word' id='word_1_237' title='bbox 978 4204 1004 4256; x_wconf 85' lang='lat' dir='ltr'><strong>t.</strong></span> <span class='ocrx_word' id='word_1_238' title='bbox 1018 4204 1046 4257; x_wconf 87' lang='lat'><strong>2.</strong></span> <span class='ocrx_word' id='word_1_239' title='bbox 1069 4199 1103 4256; x_wconf 92' lang='lat' dir='ltr'><strong>C.</strong></span> <span class='ocrx_word' id='word_1_240' title='bbox 1184 4218 1208 4255; x_wconf 85' lang='lat' dir='ltr'><strong>v.</strong></span> <span class='ocrx_word' id='word_1_241' title='bbox 1222 4204 1279 4258; x_wconf 91' lang='grc'><strong>766</strong></span> <span class='ocrx_word' id='word_1_242' title='bbox 1302 4201 1405 4259; x_wconf 68' lang='lat' dir='ltr'><strong>durno</strong></span> <span class='ocrx_word' id='word_1_243' title='bbox 1424 4198 1528 4258; x_wconf 82' lang='lat' dir='ltr'><strong>ducum</strong></span> 
     </span>
     <span class='ocr_line' id='line_1_35' title="bbox 378 4276 1410 4352; baseline -0.001 -18"><span class='ocrx_word' id='word_1_244' title='bbox 378 4285 407 4334; x_wconf 83' lang='lat' dir='ltr'><strong>et</strong></span> <span class='ocrx_word' id='word_1_245' title='bbox 432 4277 508 4334; x_wconf 81' lang='lat' dir='ltr'><strong>coeli</strong></span> <span class='ocrx_word' id='word_1_246' title='bbox 531 4296 644 4346; x_wconf 80' lang='lat' dir='ltr'><strong>omnes3</strong></span> <span class='ocrx_word' id='word_1_247' title='bbox 674 4279 797 4334; x_wconf 79' lang='lat' dir='ltr'><strong>correxit</strong></span> <span class='ocrx_word' id='word_1_248' title='bbox 820 4276 856 4333; x_wconf 87' lang='lat' dir='ltr'><strong>B.</strong></span> <span class='ocrx_word' id='word_1_249' title='bbox 887 4281 1045 4351; x_wconf 77' lang='lat' dir='ltr'><strong>uictumque</strong></span> <span class='ocrx_word' id='word_1_250' title='bbox 1070 4294 1183 4348; x_wconf 83' lang='lat' dir='ltr'><strong>omnes3</strong></span> <span class='ocrx_word' id='word_1_251' title='bbox 1209 4277 1320 4334; x_wconf 84' lang='lat' dir='ltr'><strong>correxi</strong></span> <span class='ocrx_word' id='word_1_252' title='bbox 1345 4294 1410 4352; x_wconf 85' lang='lat' dir='ltr'><strong>ego.</strong></span> 
     </span>
    </p>

    <p class='ocr_par' dir='ltr' id='par_1_14' title="bbox 321 4352 1528 4812">
     <span class='ocr_line' id='line_1_36' title="bbox 321 4352 1526 4429; baseline 0.003 -21"><span class='ocrx_word' id='word_1_253' title='bbox 321 4419 325 4425; x_wconf 25' lang='lat'>⁵</span> <span class='ocrx_word' id='word_1_254' title='bbox 380 4372 405 4411; x_wconf 88' lang='lat' dir='ltr'><strong>r.</strong></span> <span class='ocrx_word' id='word_1_255' title='bbox 418 4358 475 4412; x_wconf 90' lang='grc'><strong>770</strong></span> <span class='ocrx_word' id='word_1_256' title='bbox 494 4352 571 4410; x_wconf 77' lang='lat' dir='ltr'><strong>bellu</strong></span> <span class='ocrx_word' id='word_1_257' title='bbox 591 4352 627 4408; x_wconf 89' lang='lat' dir='ltr'><strong>V.</strong></span> <span class='ocrx_word' id='word_1_258' title='bbox 639 4358 706 4410; x_wconf 89' lang='grc'><strong>1.2.</strong></span> <span class='ocrx_word' id='word_1_259' title='bbox 717 4354 750 4411; x_wconf 89' lang='lat' dir='ltr'><strong>C.</strong></span> <span class='ocrx_word' id='word_1_260' title='bbox 771 4352 846 4429; x_wconf 82' lang='lat' dir='ltr'><strong>pello</strong></span> <span class='ocrx_word' id='word_1_261' title='bbox 867 4355 905 4411; x_wconf 91' lang='lat' dir='ltr'><strong>G.</strong></span> <span class='ocrx_word' id='word_1_262' title='bbox 925 4355 976 4421; x_wconf 91' lang='lat' dir='ltr'><strong>L.,</strong></span> <span class='ocrx_word' id='word_1_263' title='bbox 996 4354 1043 4409; x_wconf 90' lang='lat' dir='ltr'><strong>hie</strong></span> <span class='ocrx_word' id='word_1_264' title='bbox 1063 4370 1205 4428; x_wconf 83' lang='lat' dir='ltr'><strong>superscr.</strong></span> <span class='ocrx_word' id='word_1_265' title='bbox 1223 4371 1251 4410; x_wconf 87' lang='lat' dir='ltr'><strong>o.</strong></span> <span class='ocrx_word' id='word_1_266' title='bbox 1325 4372 1351 4409; x_wconf 83' lang='lat' dir='ltr'><strong>v.</strong></span> <span class='ocrx_word' id='word_1_267' title='bbox 1365 4353 1423 4412; x_wconf 78' lang='grc'><strong>774</strong></span> <span class='ocrx_word' id='word_1_268' title='bbox 1442 4353 1526 4413; x_wconf 80' lang='lat' dir='ltr'><strong>Pluto</strong></span> 
     </span>
     <span class='ocr_line' id='line_1_37' title="bbox 378 4428 1527 4504; baseline 0.001 -15"><span class='ocrx_word' id='word_1_269' title='bbox 378 4448 429 4489; x_wconf 73' lang='lat' dir='ltr'><strong>nco</strong></span> <span class='ocrx_word' id='word_1_270' title='bbox 447 4448 554 4487; x_wconf 84' lang='lat' dir='ltr'><strong>omnes.</strong></span> <span class='ocrx_word' id='word_1_271' title='bbox 671 4449 696 4487; x_wconf 87' lang='lat' dir='ltr'><strong>v.</strong></span> <span class='ocrx_word' id='word_1_272' title='bbox 710 4435 767 4489; x_wconf 88' lang='grc'><strong>776</strong></span> <span class='ocrx_word' id='word_1_273' title='bbox 790 4432 840 4504; x_wconf 67' lang='lat' dir='ltr'><strong>ruti</strong></span> <span class='ocrx_word' id='word_1_274' title='bbox 860 4448 974 4500; x_wconf 81' lang='lat' dir='ltr'><strong>omnes3</strong></span> <span class='ocrx_word' id='word_1_275' title='bbox 999 4448 1072 4487; x_wconf 90' lang='lat' dir='ltr'><strong>corr.</strong></span> <span class='ocrx_word' id='word_1_276' title='bbox 1091 4430 1127 4485; x_wconf 90' lang='grc' dir='ltr'><strong>Β.</strong></span> <span class='ocrx_word' id='word_1_277' title='bbox 1150 4428 1228 4504; x_wconf 91' lang='lat' dir='ltr'><strong>quod</strong></span> <span class='ocrx_word' id='word_1_278' title='bbox 1254 4429 1278 4487; x_wconf 80' lang='lat' dir='ltr'><strong>oi</strong></span> <span class='ocrx_word' id='word_1_279' title='bbox 1300 4431 1373 4488; x_wconf 83' lang='lat' dir='ltr'><strong>tueri</strong></span> <span class='ocrx_word' id='word_1_280' title='bbox 1393 4431 1527 4500; x_wconf 84' lang='lat' dir='ltr'><strong>volueris,</strong></span> 
     </span>
     <span class='ocr_line' id='line_1_38' title="bbox 379 4504 1430 4583; baseline 0 -19"><span class='ocrx_word' id='word_1_281' title='bbox 379 4514 501 4565; x_wconf 76' lang='lat' dir='ltr'><strong>euram</strong></span> <span class='ocrx_word' id='word_1_282' title='bbox 525 4507 752 4583; x_wconf 85' lang='lat' dir='ltr'><strong>interpretabere</strong></span> <span class='ocrx_word' id='word_1_283' title='bbox 778 4507 815 4564; x_wconf 91' lang='lat' dir='ltr'><strong>de</strong></span> <span class='ocrx_word' id='word_1_284' title='bbox 842 4508 916 4563; x_wconf 87' lang='lat' dir='ltr'><strong>victa</strong></span> <span class='ocrx_word' id='word_1_285' title='bbox 941 4516 971 4564; x_wconf 89' lang='lat' dir='ltr'><strong>et</strong></span> <span class='ocrx_word' id='word_1_286' title='bbox 990 4514 1134 4583; x_wconf 85' lang='lat' dir='ltr'><strong>prostrata</strong></span> <span class='ocrx_word' id='word_1_287' title='bbox 1155 4504 1248 4562; x_wconf 81' lang='lat' dir='ltr'><strong>classe</strong></span> <span class='ocrx_word' id='word_1_288' title='bbox 1267 4505 1430 4564; x_wconf 88' lang='lat' dir='ltr'><strong>Persarum.</strong></span> 
     </span>
     <span class='ocr_line' id='line_1_39' title="bbox 378 4581 1528 4644; baseline 0.003 -8"><span class='ocrx_word' id='word_1_289' title='bbox 378 4602 405 4640; x_wconf 86' lang='lat' dir='ltr'><strong>v.</strong></span> <span class='ocrx_word' id='word_1_290' title='bbox 418 4587 476 4642; x_wconf 84' lang='grc'>782</span> <span class='ocrx_word' id='word_1_291' title='bbox 501 4600 564 4639; x_wconf 83' lang='lat' dir='ltr'><strong>oum</strong></span> <span class='ocrx_word' id='word_1_292' title='bbox 582 4583 686 4642; x_wconf 80' lang='lat' dir='ltr'><strong>mititte</strong></span> <span class='ocrx_word' id='word_1_293' title='bbox 705 4584 742 4640; x_wconf 87' lang='lat' dir='ltr'><strong>V.</strong></span> <span class='ocrx_word' id='word_1_294' title='bbox 754 4588 781 4641; x_wconf 89' lang='grc'><strong>1.</strong></span> <span class='ocrx_word' id='word_1_295' title='bbox 792 4587 819 4639; x_wconf 87' lang='grc'><strong>2.</strong></span> <span class='ocrx_word' id='word_1_296' title='bbox 847 4601 910 4639; x_wconf 83' lang='lat' dir='ltr'><strong>cum</strong></span> <span class='ocrx_word' id='word_1_297' title='bbox 928 4583 1031 4641; x_wconf 75' lang='lat' dir='ltr'><strong>initiato</strong></span> <span class='ocrx_word' id='word_1_298' title='bbox 1052 4582 1086 4639; x_wconf 94' lang='lat' dir='ltr'><strong>L.</strong></span> <span class='ocrx_word' id='word_1_299' title='bbox 1102 4581 1138 4638; x_wconf 92' lang='lat' dir='ltr'><strong>G.</strong></span> <span class='ocrx_word' id='word_1_300' title='bbox 1154 4581 1188 4638; x_wconf 93' lang='lat' dir='ltr'><strong>C.</strong></span> <span class='ocrx_word' id='word_1_301' title='bbox 1210 4601 1282 4640; x_wconf 89' lang='lat' dir='ltr'><strong>corr.</strong></span> <span class='ocrx_word' id='word_1_302' title='bbox 1303 4582 1381 4641; x_wconf 87' lang='lat' dir='ltr'><strong>Scal.</strong></span> <span class='ocrx_word' id='word_1_303' title='bbox 1403 4587 1528 4644; x_wconf 76' lang='lat' dir='ltr'><strong>cornuto</strong></span> 
     </span>
     <span class='ocr_line' id='line_1_40' title="bbox 380 4659 1527 4736; baseline 0.002 -22"><span class='ocrx_word' id='word_1_304' title='bbox 380 4659 456 4717; x_wconf 87' lang='lat' dir='ltr'><strong>V.1.</strong></span> <span class='ocrx_word' id='word_1_305' title='bbox 470 4665 498 4716; x_wconf 89' lang='grc'><strong>2.</strong></span> <span class='ocrx_word' id='word_1_306' title='bbox 519 4659 554 4715; x_wconf 89' lang='lat' dir='ltr'><strong>L.</strong></span> <span class='ocrx_word' id='word_1_307' title='bbox 577 4659 612 4715; x_wconf 89' lang='lat' dir='ltr'><strong>C.</strong></span> <span class='ocrx_word' id='word_1_308' title='bbox 634 4659 671 4715; x_wconf 89' lang='lat' dir='ltr'><strong>G.</strong></span> <span class='ocrx_word' id='word_1_309' title='bbox 698 4663 831 4717; x_wconf 83' lang='lat' dir='ltr'><strong>coruinuo</strong></span> <span class='ocrx_word' id='word_1_310' title='bbox 849 4676 939 4735; x_wconf 84' lang='lat' dir='ltr'><strong>marg.</strong></span> <span class='ocrx_word' id='word_1_311' title='bbox 961 4660 997 4715; x_wconf 88' lang='lat' dir='ltr'><strong>V.</strong></span> <span class='ocrx_word' id='word_1_312' title='bbox 1013 4664 1041 4716; x_wconf 84' lang='lat'><strong>2.</strong></span> <span class='ocrx_word' id='word_1_313' title='bbox 1169 4676 1195 4714; x_wconf 82' lang='lat' dir='ltr'><strong>v.</strong></span> <span class='ocrx_word' id='word_1_314' title='bbox 1208 4661 1265 4719; x_wconf 80' lang='lat'><strong>785</strong></span> <span class='ocrx_word' id='word_1_315' title='bbox 1290 4666 1399 4736; x_wconf 79' lang='lat' dir='ltr'><strong>recepto</strong></span> <span class='ocrx_word' id='word_1_316' title='bbox 1419 4678 1527 4728; x_wconf 72' lang='lat' dir='ltr'><strong>omnes,</strong></span> 
     </span>
     <span class='ocr_line' id='line_1_41' title="bbox 380 4735 793 4812; baseline 0.002 -21"><span class='ocrx_word' id='word_1_317' title='bbox 380 4735 435 4792; x_wconf 84' lang='lat' dir='ltr'><strong>nisi</strong></span> <span class='ocrx_word' id='word_1_318' title='bbox 456 4735 534 4812; x_wconf 92' lang='lat' dir='ltr'><strong>quod</strong></span> <span class='ocrx_word' id='word_1_319' title='bbox 552 4741 687 4812; x_wconf 81' lang='lat' dir='ltr'><strong>receptum</strong></span> <span class='ocrx_word' id='word_1_320' title='bbox 706 4735 744 4793; x_wconf 84' lang='lat' dir='ltr'><strong>V.</strong></span> <span class='ocrx_word' id='word_1_321' title='bbox 765 4740 793 4793; x_wconf 86' lang='lat'><strong>1.</strong></span> 
     </span>
    </p>
   </div>
   <div class='ocr_carea' id='block_1_7' title="bbox 0 0 1861 5609">
    <p class='ocr_par' dir='ltr' id='par_1_15' title="bbox 0 0 1861 5609">
     <span class='ocr_line' id='line_1_42' title="bbox 0 0 1861 5609; baseline 0 0"><span class='ocrx_word' id='word_1_322' title='bbox 0 0 1861 5609; x_wconf 95' lang='lat' dir='ltr'><strong> </strong></span> 
     </span>
    </p>
   </div>
  </div>
 </body>
</html>
