3700 5609
317 595 362 663 40

712 588 818 659 Lissa
840 587 863 656 l.
906 614 937 655 v.
961 591 1150 656 830-849,

332 764 572 831 enlmmersum
595 772 628 830 ct
649 783 762 830 somno
784 769 888 827 totum
912 758 1125 850 deprenderet
1146 741 1266 825 orbem.

384 875 479 942 Tunc
501 877 661 964 quianon
682 895 746 938 una
768 872 877 962 specie
901 869 1092 959 dispergitur
1114 870 1218 934 omnis

386 984 513 1050 Aridior
535 993 638 1049 terrae
661 1005 763 1072 vapor
785 990 817 1047 ct
839 979 1080 1070 comprenditur
1100 977 1177 1065 igni,

385 1092 540 1160 Diversus
564 1115 692 1184 quoque
713 1114 772 1182 per
794 1092 891 1157 iacies
914 1109 1051 1156 accensa
1072 1086 1218 1153 feruntur

385 1204 532 1285 Lumina,
555 1226 637 1292 quae
659 1203 769 1268 subitis
793 1202 936 1267 existunt
956 1208 1031 1265 nata
1052 1196 1202 1263 tenebris.

337 1315 475 1384 &Nam
497 1313 605 1389 modo,
628 1333 689 1378 ceu
711 1310 800 1399 longi
822 1310 946 1375 fluitent
969 1308 1152 1384 delvertice
1174 1307 1288 1391 crines,

385 1425 532 1492 Flamma
555 1442 665 1486 comas
684 1420 806 1486 imitata
827 1418 925 1501 volat,
948 1419 1116 1508 tenuisque
1139 1417 1260 1507 capillis

386 1534 530 1600 Diffusos
552 1530 646 1597 radiis
669 1528 851 1596 ardentibus
875 1528 1015 1619 explicat
1036 1529 1128 1617 ignis.

385 1643 483 1712 Nunc
504 1642 591 1730 prior
611 1639 691 1705 haec
714 1639 811 1704 facies
835 1639 985 1729 dispersis
1009 1638 1147 1705 crinibus
1171 1638 1245 1719 exit,

386 1753 429 1820 Et
450 1750 564 1843 globus
587 1748 725 1815 ardentis
746 1750 891 1838 sequitur
912 1747 971 1814 sub
993 1748 1133 1838 imagine
1156 1748 1290 1829 barbac3

338 1860 552 1930 wlnterdum
575 1851 700 1949 aequali
721 1856 857 1924 laterum
879 1860 1070 1948 compagine
1092 1858 1217 1938 ductus,

390 1972 631 2057 Quadratamve
654 1966 777 2033 trabem
796 1966 895 2058 lingit,
918 1979 1095 2036 teretemve
1120 1967 1311 2034 columnam.

392 2082 480 2167 Quin
504 2081 599 2146 etiam
623 2076 750 2143 tumidis
773 2087 934 2167 exaequat
956 2077 1039 2144 dolia
1061 2078 1198 2143 flammis

391 2190 533 2257 Procere
556 2188 694 2254 distenta
716 2195 818 2267 utero,
841 2186 1030 2277 pandosquc
1052 2186 1194 2277 capellos
1278 2182 1279 2187 ¹

389 2300 557 2379 Mentitur,
583 2319 702 2387 parvos
729 2296 812 2385 ignis
842 2297 1038 2387 glomeratus
1060 2298 1093 2362 in
1116 2298 1220 2381 orbes,

339 2409 379 2469 eis
392 2409 483 2477 Hirta
505 2408 669 2499 figurantis
692 2406 828 2473 tremulo
853 2407 911 2473 sub
933 2407 1054 2473 lumine
1076 2416 1185 2473 menta

329 3046 364 3104 A.

331 3326 364 3385 S.

389 2517 571 2609 Lampadas
593 2526 625 2582 et
646 2516 737 2582 fissas
759 2539 904 2582 ramosos
926 2516 1029 2583 fundit
1050 2517 1082 2581 in
1105 2517 1205 2607 ignes.

393 2627 589 2717 Praecipites
613 2626 724 2693 stellae
746 2626 930 2716 passimque
952 2607 1062 2694 volare
1084 2628 1243 2710 videntur,

395 2736 480 2804 Cum
502 2760 585 2827 vaga
607 2761 665 2829 per
686 2735 840 2827 liquidum
863 2736 1035 2803 scintillant
1055 2736 1176 2804 lumina
1197 2741 1368 2825 mundum3

393 2846 437 2913 Et
457 2857 588 2914 tenuem
609 2846 712 2937 longis
732 2845 914 2913 iaculantur
937 2846 1075 2914 crinibus
1096 2848 1214 2937 ignem,

389 3064 415 3102 v.
429 3048 488 3104 830
506 3045 676 3105 Immensum
771 3047 968 3104 v.831Tu1n
1004 3005 1006 3008 Ι
1064 3065 1090 3103 v.
1106 3050 1163 3105 832
1182 3057 1334 3126 terraeque
1354 3064 1444 3128 vapor

387 3141 414 3213 v.
428 3126 485 3211 838
505 3124 626 3212 capillos
689 3143 715 3180 r.
727 3122 783 3183 843
803 3123 928 3180 Procero
942 3156 980 3165 -
993 3142 1155 3201 parvosque
1170 3125 1290 3201 capillos
1349 3145 1375 3183 r.
1387 3127 1444 3185 844
1464 3146 1535 3205 par-

387 3217 430 3256 vus
451 3216 539 3274 siguis
559 3200 733 3275 glomeratur
814 3217 839 3254 v.
854 3200 910 3257 845
932 3218 1040 3258 messes
1124 3219 1150 3257 v.
1165 3198 1220 3261 849
1239 3211 1339 3260 tenues
1359 3233 1397 3246 -
1417 3205 1498 3279 ignes

391 3326 585 3384 v.831Tum
662 3345 688 3383 r.
703 3330 760 3385 832
779 3335 933 3402 terraeque
952 3346 1042 3405 vapor
1119 3345 1144 3383 r.
1159 3332 1215 3386 836
1235 3329 1357 3408 capillus
1440 3349 1466 3388 v.
1481 3335 1539 3391 838

349 3406 522 3481 specics·
595 3404 693 3462 ν.843
712 3404 837 3460 Procero
857 3422 1076 3480 —parvosque
1099 3403 1219 3482 capillos
1312 3425 1338 3463 v.
1353 3406 1408 3465 845
1428 3405 1537 3483 figura-

330 3606 367 3663 B.

333 3887 370 3945 V.

388 3489 435 3537 tur
453 3512 491 3572 Τ
510 3480 620 3538 messis.
700 3499 724 3536 v.
738 3480 794 3538 846
814 3480 991 3557 Lampadias
1011 3479 1095 3537 fissus
1173 3482 1269 3542 vals
1289 3485 1539 3560 tenues-ignes

387 3624 413 3662 v.
428 3610 481 3665 831
505 3608 533 3662 T
535 3626 582 3663 um
658 3625 685 3663 r.
699 3611 755 3665 836
775 3616 933 3683 tenuesque
954 3606 1074 3686 capillos
1093 3606 1223 3665 Diffusus
1307 3628 1333 3667 r.
1348 3613 1404 3668 838
1425 3630 1438 3665 s
1461 3613 1539 3669 ecies

390 3702 415 3740 v.
431 3686 487 3741 839
507 3683 618 3758 glomus
701 3703 727 3739 v.
741 3683 798 3742 843
818 3694 914 3741 uteros
934 3703 1096 3761 parvasque
1117 3687 1244 3762 capellas
1329 3705 1354 3743 v.
1369 3686 1426 3745 847
1487 3706 1538 3745 ae-

391 3760 511 3839 cipitant
588 3778 612 3816 v.
627 3760 684 3819 848
703 3760 823 3817 nitidum
901 3779 927 3817 r.
942 3761 998 3819 849
1019 3763 1155 3818 tractibus

390 3908 416 3945 v.
431 3893 488 3947 830
507 3893 680 3946 Immensum
691 3907 803 3959 omnes3
824 3888 876 3945 sed
888 3893 1031 3946 Iorarcaoo
1042 3889 1079 3945 V.
1089 3894 1116 3946 2.
1131 3890 1289 3947 comssal.
1349 3910 1375 3947 v.
1386 3894 1441 3949 831
1461 3895 1541 3950 luno

391 3985 507 4035 omnes;
526 3967 566 4022 ita
586 3966 659 4023 solet
679 3974 817 4041 sequente
838 3984 864 4041 q.
963 3985 988 4021 r.
1003 3970 1060 4024 832
1080 3974 1173 4024 terroe
1192 3985 1284 4041 uapor
1303 3973 1330 4023 et
1350 3986 1464 4034 omnes,
1484 3971 1540 4026 nisi

392 4043 469 4118 quod
488 4043 523 4099 L.
544 4051 694 4120 praeterea
714 4059 765 4116 quc
785 4041 923 4117 adiungit.
1042 4061 1066 4099 v.
1081 4047 1137 4101 836
1165 4042 1277 4117 cupillis
1298 4044 1334 4099 V.
1353 4049 1379 4101 1.
1397 4049 1424 4101 2.
1446 4046 1480 4100 L.
1504 4047 1539 4102 C.

392 4137 535 4198 superscr.
557 4137 573 4175 o
592 4119 626 4175 L.
648 4127 677 4175 ct
697 4119 731 4174 C.
753 4118 878 4193 capillus
891 4118 928 4174 G.
951 4119 1072 4175 Cometa
1091 4121 1172 4194 ignes
1192 4129 1292 4176 tenues
1314 4121 1426 4197 capillis
1448 4120 1537 4177 diffu-

391 4215 439 4253 sos
459 4196 592 4273 explicat.
669 4214 695 4249 v.
710 4197 767 4252 837
787 4198 866 4268 iquos
885 4195 919 4251 L.
940 4195 976 4251 V.
991 4200 1017 4252 1.
1040 4195 1074 4252 C.
1088 4196 1124 4252 G.
1203 4213 1228 4251 r.
1242 4200 1299 4254 838
1317 4195 1409 4269 foetes
1430 4215 1539 4255 omnes.

364 4299 377 4316 ·
391 4290 417 4326 r.
431 4274 488 4329 843
508 4277 628 4329 Proocrc
646 4288 759 4340 omnes;
780 4271 832 4327 sed
852 4287 994 4348 superscr.
1015 4289 1069 4328 oa
1090 4291 1161 4328 corr.
1182 4272 1217 4328 L.
1240 4272 1273 4329 C.
1294 4280 1394 4331 uteros
1413 4274 1464 4340 L.,
1486 4274 1539 4331 sed

391 4347 508 4404 inducta
527 4366 551 4404 s.
582 4355 733 4422 portasque
752 4346 874 4422 capillos
894 4348 929 4404 C.
950 4348 986 4405 V.
1001 4353 1027 4405 1.
1049 4349 1099 4415 L.,
1125 4347 1178 4406 sed
1203 4350 1232 4405 in
1257 4350 1312 4405 hoc
1337 4359 1414 4407 recte
1434 4350 1539 4417 fuerat,

392 4422 530 4499 capellos,
550 4425 629 4499 quod
648 4433 792 4481 corrector
808 4432 898 4479 mutat
917 4425 947 4479 in
966 4424 1100 4501 capillos,
1120 4433 1148 4481 et
1167 4428 1288 4501 praebet
1307 4424 1445 4493 Venetus,
1465 4444 1539 4501 par-

393 4507 438 4556 tes
457 4499 494 4555 V.
508 4502 535 4555 2.
566 4500 629 4575 Ego
656 4502 775 4558 correxi.
873 4518 900 4556 r.
914 4500 972 4558 844
995 4505 1098 4577 parvis
1122 4503 1213 4575 siquis
1231 4502 1406 4576 clamaretur
1426 4522 1540 4573 omnes3

393 4576 455 4645 sed,
475 4575 521 4633 vol
538 4594 645 4652 paruos
665 4595 807 4656 superscr.
829 4596 902 4633 corr.
923 4576 958 4634 L.
980 4588 1009 4635 et
1030 4578 1064 4634 C.
1085 4576 1264 4651 plomerotco
1285 4578 1322 4635 G.
1388 4598 1413 4635 r.
1426 4580 1483 4639 845
1503 4577 1540 4651 ft·

390 4655 652 4785 qqruattqtorqpes.
672 4684 711 4695 -
730 4670 839 4711 accuses
859 4671 958 4710 omnes
979 4673 1050 4710 corr.
1071 4654 1107 4710 B.
1187 4673 1211 4710 v.
1226 4655 1283 4713 848
1303 4655 1424 4713 nitidum
1444 4657 1479 4713 L.
1502 4657 1539 4712 G.

393 4747 497 4805 rerqm
529 4748 576 4804 squ
609 4748 663 4786 um.
