3700 5609
223 589 369 669 'ro

715 598 819 667 Lmen
842 598 864 667 1.
909 625 938 665 v.
965 611 1155 668 193-213.

390 769 593 837 Occasumve
616 770 730 851 obitus,
750 770 876 837 caeluni
900 779 933 837 et
954 792 1029 837 cum
1050 768 1119 835 sole
1142 779 1306 859 perennet.

451 879 524 947 Nec
546 902 624 945 vero
647 879 702 947 tibi
723 889 838 946 natura
859 879 1044 947 admiranda
1067 879 1168 947 videri

341 987 564 1055 operientis
583 997 688 1054 terrae
710 988 819 1069 debet,
850 1011 925 1056 cum
952 989 1093 1079 pendeat
1116 991 1186 1079 ipse

389 1096 529 1163 blundus
552 1107 584 1163 et
604 1099 637 1163 in
659 1096 746 1164 nullo
769 1108 869 1187 ponat
889 1101 1024 1190 vestigia
1046 1100 1155 1166 fundo.

389 1205 485 1289 Quod
506 1215 597 1295 patet
620 1229 662 1272 ex
683 1208 753 1296 ipso
776 1217 867 1274 motu
890 1231 1049 1298 cursuque
1072 1206 1218 1274 volantis.

390 1315 475 1381 Cum
498 1339 673 1406 suspensus
695 1327 748 1383 eat
770 1315 923 1384 Phoebus
946 1340 1140 1407 cursumque
1162 1318 1306 1386 reflectat

390 1423 463 1491 Huc
484 1424 569 1506 illuc,
591 1425 691 1515 agiles
713 1435 745 1492 et
767 1436 874 1494 servet
895 1428 928 1492 in
951 1426 1078 1493 aethere
1101 1436 1213 1509 metas,

339 1553 379 1592 aa
392 1534 476 1600 Cum
497 1534 574 1603 luna
596 1546 628 1603 et
651 1535 763 1602 stellae
784 1535 920 1604 volitent
942 1560 1000 1627 per
1020 1538 1126 1603 inania
1147 1536 1272 1618 mundi;

391 1643 493 1710 Terra
516 1669 643 1736 quoque
666 1647 768 1712 aerias
788 1644 877 1733 leges
898 1646 1021 1713 imitata
1041 1646 1202 1736 pependit.

388 1753 447 1820 Est
466 1755 563 1845 igitur
583 1752 677 1821 tellus
699 1754 839 1820 mediam
860 1756 972 1821 sortita
994 1779 1166 1824 cavernam

387 1863 480 1930 Aeris
502 1875 534 1931 et
555 1875 622 1933 toto
643 1866 761 1954 pariter
783 1863 908 1932 sublata
929 1865 1104 1954 prolund03

387 1972 459 2040 Nec
480 1973 606 2064 patulas
626 1974 763 2040 distenta
782 1972 905 2063 plagas,
927 1976 984 2041 sed
1006 1977 1133 2044 condita
1153 1976 1185 2040 in
1209 1975 1319 2042 orbem

339 2101 377 2139 20⁵
390 2083 540 2174 Undique
562 2092 748 2173 surgentem
769 2083 887 2170 pariter
908 2084 1091 2173 pariterque
1114 2085 1307 2152 cadentem.-

386 2190 478 2259 Haec
501 2203 550 2259 est
569 2202 703 2259 naturae
725 2193 839 2273 facies3
861 2193 907 2258 sic
929 2193 1069 2261 mundus
1091 2195 1214 2283 etipse

387 2299 423 2367 lu
444 2326 591 2370 convexa
613 2302 727 2369 volans
749 2311 867 2367 teretes
889 2302 965 2368 facit
986 2326 1058 2369 esse
1079 2301 1198 2392 figuras

388 2411 575 2493 Stellarum3
597 2410 737 2502 solisque
759 2414 870 2479 orbem
891 2411 1052 2503 lunaeque
1073 2411 1246 2479 rotundum

388 2519 579 2610 Aspicimus,
600 2522 722 2587 tumido
746 2523 928 2611 quaerentis
951 2544 1086 2611 corpore
1108 2522 1226 2601 lumen,

337 2649 377 2687 ιω
390 2631 486 2714 Quod
509 2629 623 2719 globus
645 2630 791 2722 obliquos
818 2642 904 2698 totus
926 2654 992 2696 non
1014 2631 1130 2721 accipit
1149 2632 1249 2719 ignes.

226 3210 356 3264 -A.

323 3335 355 3391 S.

245 3461 358 3517 vB.

322 3737 359 3794 V.

387 2739 478 2805 Haec
502 2748 632 2805 aeterna
653 2749 763 2808 manet
784 2741 928 2832 divisque
951 2739 1109 2807 simillima
1129 2742 1241 2821 forma,

387 2849 449 2915 Cui
470 2872 575 2939 neque
596 2849 786 2938 principium
809 2861 859 2918 est
879 2873 1025 2940 usquam,
1046 2873 1152 2940 neque
1175 2849 1244 2917 finis
1264 2853 1295 2916 iu
1317 2853 1398 2942 ipso,

388 2958 454 3026 Sed
477 2958 586 3025 similis
608 2967 675 3025 toto
698 2970 843 3027 remanet
864 2984 986 3051 perque
1009 2962 1116 3027 omnia
1137 2983 1197 3050 par
1219 2969 1276 3025 est.

383 3205 672 3266 annocentia
750 3225 775 3263 v.
789 3211 847 3265 212
867 3223 920 3263 nec

381 3352 406 3390 v.
423 3337 479 3391 193
499 3332 699 3408 Occasumque
719 3332 857 3388 -caelo
936 3350 961 3388 v.
975 3335 1032 3389 203
1053 3350 1194 3409 suspensa
1271 3349 1296 3387 v.
1310 3335 1367 3388 212
1387 3350 1441 3388 nec
1461 3330 1525 3387 finis

383 3479 409 3517 r.
424 3464 480 3519 193
500 3460 611 3517 caelum
632 3480 656 3515 c.
678 3480 701 3516 s.
722 3466 861 3536 pererret.
940 3478 965 3516 v.
980 3463 1038 3518 197
1057 3458 1176 3515 inducit.
1248 3475 1274 3514 v.
1290 3462 1346 3516 198
1367 3473 1525 3534 currusque

381 3540 478 3593 r.202
496 3536 621 3592 mediam
640 3536 724 3593 tellus
783 3552 808 3589 v.
823 3538 880 3591 203
901 3555 916 3592 e
938 3543 997 3592 toto
1055 3553 1081 3593 v.
1095 3538 1152 3591 206
1175 3534 1254 3591 Haec
1271 3542 1300 3591 et
1357 3552 1383 3591 v.
1395 3537 1452 3591 212
1472 3554 1526 3592 uec

379 3611 443 3669 finis
463 3613 493 3668 in
512 3612 591 3688 ipsa3
611 3611 672 3670 Sed
692 3611 790 3670 similis
810 3620 870 3668 toto
892 3631 941 3668 ore
962 3612 1016 3667 sibi

380 3756 406 3795 v.
421 3742 476 3797 193
498 3741 562 3797 Ooc.
584 3746 665 3796 ortus
684 3739 790 3810 V.1,2.
812 3737 921 3795 ortibus
941 3738 975 3795 C.
1006 3739 1069 3794 Hoc
1089 3737 1161 3793 vult:
1182 3737 1225 3793 Ad
1246 3746 1338 3793 ortum
1358 3755 1526 3794 occasumve

379 3815 549 3872 vadentibus
575 3816 692 3872 ulterior
711 3834 826 3891 semper
850 3823 928 3870 ortus
949 3815 1091 3880 obitusve‚
1120 3823 1149 3870 et
1169 3815 1280 3870 caelum
1299 3831 1443 3887 nunqnam
1464 3816 1526 3870 sine

379 3892 441 3949 sole
462 3892 525 3949 erit.
565 3892 626 3949 Sed
646 3893 675 3947 iu
694 3891 842 3947 antithesi:
862 3890 907 3945 Ad
928 3898 1019 3946 ortum
1039 3890 1208 3947 vadentibus
1228 3899 1316 3956 ortus,
1337 3890 1375 3947 od
1391 3908 1525 3947 occasum

380 3969 472 4025 obitus
491 3977 546 4026 etc.
572 3968 693 4041 alterum
719 3966 758 4023 od·
782 3968 873 4023 omitti
896 3967 1000 4023 Latine
1025 3986 1083 4023 non
1107 3985 1195 4043 posse
1221 3976 1352 4043 apparet.
1391 3966 1526 4033 Accedit,

379 4044 458 4119 quod
478 4045 621 4102 sententia
641 4046 769 4113 aberrat;
795 4062 862 4099 nam
882 4062 946 4099 cum
965 4061 1002 4100 ex
1022 4044 1179 4100 certissimo
1199 4042 1326 4099 siderum
1345 4061 1431 4098 eursu
1451 4060 1525 4117 quo-

378 4120 503 4178 tidianos
524 4140 623 4179 eorum
642 4128 742 4197 partus
762 4119 876 4187 refutet,
896 4138 955 4175 non
973 4128 1071 4196 potest
1089 4121 1129 4175 ita
1149 4118 1179 4173 iu
1199 4128 1366 4193 argumento
1387 4135 1524 4197 pergere:

379 4203 406 4253 et
432 4197 477 4252 sol
501 4197 531 4253 in
556 4196 637 4254 caelo
662 4204 818 4271 perennat;
843 4196 874 4253 id
898 4197 975 4252 euim
1000 4196 1095 4273 ipsum
1126 4198 1278 4270 probatum
1302 4196 1371 4251 ibat.
1411 4203 1527 4272 poterat

380 4272 504 4348 exempli
523 4276 613 4329 instar
631 4272 756 4329 addere:
783 4275 824 4329 itu
844 4279 876 4328 ut
900 4279 1060 4349 perpetuus
1085 4271 1154 4327 solis
1181 4290 1275 4329 comes
1296 4290 1361 4328 eum
1380 4289 1526 4346 nunquam

379 4349 408 4404 in
429 4347 511 4403 coelo
537 4349 752 4406 desideraturus
778 4350 824 4404 sit.
870 4348 905 4403 Id
929 4365 997 4404 vero
1021 4348 1178 4424 pessimum
1203 4358 1260 4415 est,
1285 4346 1364 4423 quod
1385 4348 1526 4405 sententia

378 4422 463 4479 simul
483 4426 609 4482 absurda
628 4434 682 4482 est.
712 4426 760 4499 qui
781 4424 857 4480 enim
876 4424 932 4480 soli
952 4424 1054 4481 orienti
1074 4424 1186 4480 obviarn
1204 4425 1265 4493 ibit,
1285 4423 1343 4497 (ad
1362 4434 1455 4481 ortum
1474 4441 1525 4479 va·

379 4495 472 4569 denti)
493 4501 519 4556 ei
540 4501 674 4559 citissime
694 4500 816 4557 occidet.
855 4498 1022 4575 Fugiendus
1042 4509 1087 4557 est
1106 4499 1151 4555 sol
1171 4500 1279 4570 oriens,
1304 4500 1525 4577 prosequendus

379 4575 513 4633 occidens
534 4577 579 4643 ei,
600 4577 648 4651 qui
668 4576 791 4634 eundem
812 4576 873 4635 eius
898 4576 1067 4652 adspectum
1092 4574 1246 4634 desiderat.
1287 4577 1424 4653 Spurium
1440 4577 1526 4651 igitur

378 4670 490 4708 versum
511 4663 660 4728 utrumque
680 4652 785 4711 iudico.
875 4671 900 4708 v.
915 4657 969 4711 201
993 4651 1120 4711 otbertus
1140 4652 1176 4708 V.
1189 4656 1218 4710 2.
1306 4674 1331 4708 v.
1346 4657 1404 4712 212
1422 4671 1471 4710 reo
1490 4652 1524 4708 L.

380 4729 417 4784 G.
440 4728 474 4783 C.
494 4730 583 4803 rteqri'e
602 4729 639 4784 V.
652 4732 678 4797 1,
690 4734 717 4785 2.

1180 4862 1205 4899 Q
