3700 5609
295 602 336 667 78
656 595 764 668 Lmen
785 593 822 664 il.
865 618 896 664 v.
915 604 1113 670 738-759.

358 770 450 839 Haec
471 792 599 861 quoque
621 779 654 836 te
675 769 756 836 ratio
779 789 822 836 ne
840 767 940 851 saliat,
960 766 1108 858 perspice
1129 766 1252 855 paucis.

359 882 462 948 Maior
484 881 516 945 in
539 880 672 960 effectu,
700 880 805 945 minor
826 888 890 960 est,
920 878 1007 970 quod
1028 875 1172 968 portibus
1192 874 1273 964 ipsis

309 1011 348 1052 πυ
359 990 622 1058 Dodecotemorii
645 975 721 1079 quid
743 990 794 1070 sit,
817 988 903 1080 quod
926 988 1041 1054 dicitur
1064 1010 1136 1054 csse

358 1100 661 1168 Dodecatemorion.
704 1121 844 1188 namque
866 1099 898 1165 id
919 1121 978 1189 per
1001 1099 1142 1189 quinque
1163 1104 1293 1163 notetur

358 1213 481 1292 Partis3
505 1233 581 1276 nom
603 1208 737 1275 totidem
757 1208 960 1298 praefulgent
983 1210 1087 1276 sideru
1109 1204 1211 1286 caelo,

361 1323 454 1407 Quae
476 1342 559 1409 vaga
582 1319 739 1385 dicuntur.
782 1317 904 1385 ducunt
926 1329 959 1385 et
979 1317 1106 1407 singula
1128 1326 1231 1384 sortes

359 1431 527 1511 Dimidios,
549 1431 698 1518 viresque
720 1428 753 1493 in
776 1429 821 1493 eis
844 1430 967 1494 etium
990 1436 1171 1517 capessunt.

311 1561 349 1602 no
364 1541 399 1608 In
422 1559 615 1631 quocunque
636 1538 733 1627 igitur
754 1536 865 1606 stellae
888 1538 1082 1628 quandoque
1102 1537 1227 1604 locatae

364 1649 637 1718 Dodecatenrorio
660 1649 787 1730 iuerinl,
809 1656 957 1736 spectare
980 1648 1116 1715 decebit

362 1762 463 1828 Cuius
486 1762 571 1827 enirn
594 1757 706 1826 stellae
727 1759 761 1825 in
782 1757 862 1826 [ines
883 1760 917 1824 in
941 1759 1046 1825 sidere
1069 1779 1200 1850 quoque
1270 1763 1277 1774 “

362 1871 517 1953 inciderit,
540 1870 626 1938 dabit
648 1870 781 1937 effectus
803 1870 836 1935 in
858 1868 977 1936 viribus
1000 1870 1078 1936 eius.

362 1983 513 2071 Undique
534 1979 699 2046 miscendo
722 1989 771 2045 est
792 1982 884 2061 ratio,
906 2003 965 2070 per
988 2001 1085 2069 quam
1108 1979 1215 2046 onmia
1236 1988 1393 2048 constent.

313 2111 352 2153 ⁷⁵0
363 2092 488 2159 Verum
509 2088 589 2155 haec
611 2077 771 2179 posterius
793 2092 922 2179 proprio
946 2098 1061 2156 cuncta
1084 2088 1195 2155 ordine
1217 2089 1369 2171 reddum

362 2200 458 2268 Nunc
480 2201 557 2266 satis
581 2208 630 2266 est
652 2198 800 2267 docuisse
824 2222 899 2266 suos
921 2200 1032 2289 ignoto
1052 2223 1112 2288 per
1133 2222 1221 2281 usus,

363 2311 409 2378 Ut
430 2332 504 2376 cunr
526 2312 688 2400 perceptis
710 2312 833 2378 steterit
854 2308 970 2376 fiducia
992 2309 1154 2391 membris,

364 2420 419 2487 Sic
442 2429 544 2486 tolum
566 2444 685 2510 corpus
707 2421 792 2487 incili
812 2421 938 2487 ratione
959 2428 1098 2500 notetur,

364 2529 407 2595 Et
427 2529 510 2595 bene
534 2528 574 2594 de
596 2552 723 2595 summa
745 2532 854 2596 veniat
874 2553 934 2620 per
954 2528 1081 2619 singula
1104 2552 1242 2597 carmen.

316 2659 354 2701 7⁵⁵
366 2640 413 2708 Ut
433 2640 564 2705 rudibus
586 2641 693 2729 pueris
716 2648 914 2706 monstratur
934 2638 1025 2705 litere
1046 2640 1187 2729 primurn

364 2750 429 2817 Per
451 2750 566 2815 [aciem
587 2772 770 2840 nomenque
792 2772 902 2828 suum,
926 2748 1151 2837 componitur
1171 2769 1265 2829 usue3

366 2859 461 2927 Tunc
484 2861 654 2928 coniuncta
677 2860 744 2928 suis
765 2860 921 2928 formatur
943 2856 1066 2947 syllaba
1087 2857 1196 2941 nodis3

365 2969 449 3038 Hinc
470 2971 560 3039 verbi
585 2980 747 3040 structura
768 2971 858 3037 venit
878 2993 938 3059 per
959 2968 1103 3036 membro
1124 2966 1269 3059 legendi;

367 3080 461 3150 Tunc
482 3106 591 3150 rerum
612 3083 699 3149 vires
723 3089 818 3173 atque
842 3080 917 3146 artis
940 3080 1074 3147 traditur
1096 3101 1184 3161 usus,

304 3309 339 3366 A.
365 3323 390 3363 v.
403 3306 461 3365 744
479 3307 565 3376 vires,
586 3325 661 3440 (puae
679 3337 718 3348 ·-
738 3325 807 3364 cura
895 3324 921 3363 v.
936 3305 992 3365 745
1013 3313 1080 3363 sunt
1099 3305 1225 3382 quinque
1311 3322 1337 3360 v.
1350 3302 1409 3363 746
1425 3299 1501 3359 Duo·

363 3383 577 3441 decatemorion
609 3386 703 3442 uerint
778 3403 805 3441 v.
819 3382 876 3442 747
896 3382 926 3441 iu
945 3381 1031 3440 finem
1051 3383 1108 3439 sint
1127 3382 1182 3438 sid.
1279 3398 1306 3439 r.
1319 3380 1377 3440 748
1396 3379 1502 3438 lucide·

362 3462 474 3595 pippbg-
493 3462 634 3518 mentibus
712 3482 737 3519 v.
752 3464 811 3519 750
828 3460 884 3517 hoc
963 3479 988 3516 v.
1002 3461 1058 3518 756
1079 3459 1258 3536 componitur
1342 3476 1366 3514 v.
1380 3460 1437 3516 758
1456 3474 1503 3535 per

306 3664 339 3722 S.
365 3682 392 3722 v.
404 3664 463 3722 747
482 3663 584 3722 stellae
604 3662 676 3722 fines
792 3684 817 3723 v.
831 3664 889 3723 748
907 3662 1062 3721 inciderint
1177 3679 1203 3719 r.
1216 3660 1274 3721 754
1293 3670 1360 3739 post
1379 3661 1452 3742 sing.

363 3759 389 3800 v.
402 3744 460 3800 756
479 3751 540 3797 turn
559 3762 628 3820 pon.
706 3761 732 3798 r.
745 3744 804 3800 757
823 3741 900 3798 Tmn
979 3759 1003 3796 v.
1016 3741 1074 3798 758
1095 3738 1187 3800 verbis
1265 3741 1362 3797 urso
1383 3739 1459 3794 Tum

305 3870 342 3930 B.
363 3869 458 3930 ν.747
477 3869 561 3927 stella
580 3871 609 3927 in
687 3889 712 3927 v.
725 3869 782 3929 749
803 3867 937 3927 ducenda
1013 3886 1040 3925 v.
1053 3868 1109 3925 753
1131 3867 1206 3925 Hinc
1274 3886 1302 3925 r.
1315 3865 1373 3926 756
1391 3865 1505 3925 inducit.

364 3967 390 4004 v.
404 3949 460 4006 757
480 3958 510 4005 et
528 3948 623 4003 vincta

306 4074 343 4135 V.
362 4092 389 4133 v.
402 4073 460 4134 740
480 4071 556 4152 quod
566 4076 607 4131 sit
624 4074 662 4131 V.
672 4077 702 4131 2.
723 4073 862 4150 qcideint
874 4074 911 4131 V.
924 4078 953 4131 1.
972 4070 1050 4149 quod
1062 4077 1218 4151 (superscr.
1238 4069 1263 4142 i)
1283 4074 1326 4132 sie
1339 4073 1374 4135 L
1392 4104 1432 4116 -
1450 4069 1507 4131 Sed

312 4168 315 4174 '
362 4151 435 4228 quod
459 4171 519 4212 non
543 4150 752 4210 coniunctivum
778 4152 896 4208 assumit
920 4169 938 4208 a
960 4190 968 4208 .
988 4151 1067 4207 Man.
1088 4168 1142 4207 nee
1166 4149 1239 4206 iliud
1258 4148 1507 4209 dodecatemorion

362 4238 408 4286 est
426 4227 544 4306 aliquid,
564 4227 617 4286 sed
636 4246 683 4285 res
704 4229 894 4285 exactissima.
919 4170 1010 4283 Pino:
1034 4225 1168 4284 Partibus
1194 4226 1265 4304 ipsis
1287 4224 1508 4286 dodecatemorii

312 4320 317 4330 ·
365 4312 492 4374 coortat,
512 4303 591 4382 quod
611 4303 640 4361 d.
662 4304 774 4362 dicitur.
854 4323 880 4360 v.
893 4304 952 4361 742
971 4307 1074 4362 Portis
1093 4302 1128 4359 L.
1149 4301 1204 4360 sed
1222 4321 1237 4360 e
1256 4320 1329 4360 corr.
1413 4321 1441 4362 v.
1452 4299 1508 4360 744

365 4379 959 4454 quiomnes.ouroomnes.corr.Sea1.
1076 4397 1101 4435 v.
1114 4377 1173 4436 747
1196 4378 1295 4437 eume
1317 4383 1351 4438 in
1373 4375 1431 4452 fine
1452 4381 1509 4437 rint

366 4473 474 4514 omnes.
496 4476 568 4515 corr.
587 4456 623 4513 B.
647 4467 677 4515 et
695 4475 759 4533 ego.
801 4456 891 4514 Cuius
916 4458 946 4513 in
972 4455 1074 4513 stellae
1099 4454 1172 4514 fines
1193 4454 1449 4516 dodecatemorion
1465 4456 1508 4512 iu-

366 4531 476 4601 rident,
496 4533 558 4590 eius
577 4534 680 4592 stellae
700 4534 774 4591 vires
795 4532 883 4590 dabit.
971 4552 996 4590 r.
1010 4532 1068 4591 748
1087 4531 1243 4590 [reciderint
1263 4550 1362 4589 omnes
1382 4551 1457 4590 corr.
1474 4529 1509 4587 B.

367 4626 392 4664 v.
405 4608 464 4667 754
482 4616 548 4684 port
566 4609 603 4666 V.
615 4614 643 4668 2.
663 4611 700 4667 L.
724 4610 850 4666 fortasse
871 4609 975 4668 verius.
1090 4627 1118 4666 v.
1130 4611 1188 4666 756
1208 4613 1386 4684 componitur
1404 4626 1510 4666 omnes.

366 4703 421 4762 ego
448 4685 567 4821 eggid·
624 4706 671 4776 ¹v.
689 4689 748 4748 758
772 4684 867 4745 verbio
890 4704 999 4746 omnes.
1024 4704 1099 4744 corr.
1117 4683 1156 4744 B.
1173 4717 1212 4728 -
1228 4702 1282 4764 por
1300 4685 1385 4746 corio
1403 4703 1512 4746 omues.

315 4775 324 4789 ⁵
352 4779 441 4822 -eorr,
532 4802 541 4819 .
