<?xml version="1.0" encoding="UTF-8"?>
<!DOCTYPE html PUBLIC "-//W3C//DTD XHTML 1.0 Transitional//EN"
    "http://www.w3.org/TR/xhtml1/DTD/xhtml1-transitional.dtd">
<html xmlns="http://www.w3.org/1999/xhtml" xml:lang="en" lang="en">
 <head>
  <title>
</title>
<meta http-equiv="Content-Type" content="text/html;charset=utf-8" />
  <meta name='ocr-system' content='tesseract 3.04.00' />
  <meta name='ocr-capabilities' content='ocr_page ocr_carea ocr_par ocr_line ocrx_word'/>
</head>
<body>
  <div class='ocr_page' id='page_1' title='image "./mmaniliastronom00jacogoog/mmaniliastronom00jacogoog_0078.png"; bbox 0 0 3700 5609; ppageno 0'>
   <div class='ocr_carea' id='block_1_1' title="bbox 332 591 1142 664">
    <p class='ocr_par' dir='ltr' id='par_1_1' title="bbox 332 591 1142 664">
     <span class='ocr_line' id='line_1_1' title="bbox 332 591 1142 664; baseline -0.002 -1"><span class='ocrx_word' id='word_1_1' title='bbox 332 595 375 663; x_wconf 82' lang='grc'>48</span> <span class='ocrx_word' id='word_1_2' title='bbox 714 593 819 664; x_wconf 83' lang='lat' dir='ltr'>Lmen</span> <span class='ocrx_word' id='word_1_3' title='bbox 841 591 877 663; x_wconf 87' lang='lat' dir='ltr'>[l.</span> <span class='ocrx_word' id='word_1_4' title='bbox 919 605 1142 664; x_wconf 82' lang='lat' dir='ltr'><strong>v..83-103.</strong></span> 
     </span>
    </p>
   </div>
   <div class='ocr_carea' id='block_1_2' title="bbox 301 765 1460 3055">
    <p class='ocr_par' dir='ltr' id='par_1_2' title="bbox 301 765 1460 3055">
     <span class='ocr_line' id='line_1_2' title="bbox 397 765 1163 855; baseline 0 -24"><span class='ocrx_word' id='word_1_5' title='bbox 397 765 497 831; x_wconf 80' lang='lat' dir='ltr'>Ducit</span> <span class='ocrx_word' id='word_1_6' title='bbox 518 765 557 831; x_wconf 88' lang='lat' dir='ltr'>ab</span> <span class='ocrx_word' id='word_1_7' title='bbox 581 767 717 832; x_wconf 91' lang='lat' dir='ltr'>aeternis</span> <span class='ocrx_word' id='word_1_8' title='bbox 739 776 865 833; x_wconf 86' lang='lat' dir='ltr'>terrena</span> <span class='ocrx_word' id='word_1_9' title='bbox 887 765 1035 832; x_wconf 91' lang='lat' dir='ltr'>animalia</span> <span class='ocrx_word' id='word_1_10' title='bbox 1056 767 1163 855; x_wconf 84' lang='lat' dir='ltr'>signis.</span> 
     </span>
     <span class='ocr_line' id='line_1_3' title="bbox 400 876 1283 966; baseline 0.001 -25"><span class='ocrx_word' id='word_1_11' title='bbox 400 876 492 960; x_wconf 82' lang='lat' dir='ltr'>Quae</span> <span class='ocrx_word' id='word_1_12' title='bbox 516 898 710 965; x_wconf 90' lang='lat' dir='ltr'>quamquam</span> <span class='ocrx_word' id='word_1_13' title='bbox 731 876 828 966; x_wconf 85' lang='lat' dir='ltr'>longo</span> <span class='ocrx_word' id='word_1_14' title='bbox 852 878 939 965; x_wconf 79' lang='lat' dir='ltr'>cogit</span> <span class='ocrx_word' id='word_1_15' title='bbox 961 886 1120 943; x_wconf 88' lang='lat' dir='ltr'>summota</span> <span class='ocrx_word' id='word_1_16' title='bbox 1141 898 1283 958; x_wconf 87' lang='lat' dir='ltr'>recessu,</span> 
     </span>
     <span class='ocr_line' id='line_1_4' title="bbox 357 986 1337 1081; baseline -0.003 -28"><span class='ocrx_word' id='word_1_17' title='bbox 357 1005 383 1044; x_wconf 76' lang='lat'>⁸⁵</span> <span class='ocrx_word' id='word_1_18' title='bbox 397 986 513 1053; x_wconf 86' lang='lat' dir='ltr'>Sentiri</span> <span class='ocrx_word' id='word_1_19' title='bbox 538 996 654 1067; x_wconf 89' lang='lat' dir='ltr'>tamen,</span> <span class='ocrx_word' id='word_1_20' title='bbox 677 990 711 1053; x_wconf 92' lang='lat' dir='ltr'>ut</span> <span class='ocrx_word' id='word_1_21' title='bbox 733 989 815 1054; x_wconf 89' lang='lat' dir='ltr'>vitas</span> <span class='ocrx_word' id='word_1_22' title='bbox 839 1009 877 1054; x_wconf 91' lang='lat' dir='ltr'>ac</span> <span class='ocrx_word' id='word_1_23' title='bbox 899 988 970 1081; x_wconf 84' lang='lat' dir='ltr'>fata</span> <span class='ocrx_word' id='word_1_24' title='bbox 987 988 1166 1053; x_wconf 79' lang='lat' dir='ltr'>ministrent</span> <span class='ocrx_word' id='word_1_25' title='bbox 1318 1057 1337 1064; x_wconf 84' lang='lat'>..</span> 
     </span>
     <span class='ocr_line' id='line_1_5' title="bbox 394 1094 1314 1187; baseline -0.001 -23"><span class='ocrx_word' id='word_1_26' title='bbox 394 1096 560 1175; x_wconf 86' lang='lat' dir='ltr'>Gentibus,</span> <span class='ocrx_word' id='word_1_27' title='bbox 583 1117 621 1161; x_wconf 89' lang='lat' dir='ltr'>ac</span> <span class='ocrx_word' id='word_1_28' title='bbox 643 1099 788 1187; x_wconf 87' lang='lat' dir='ltr'>proprios</span> <span class='ocrx_word' id='word_1_29' title='bbox 812 1120 871 1187; x_wconf 88' lang='lat' dir='ltr'>per</span> <span class='ocrx_word' id='word_1_30' title='bbox 892 1094 1016 1185; x_wconf 84' lang='lat' dir='ltr'>singula</span> <span class='ocrx_word' id='word_1_31' title='bbox 1040 1118 1175 1185; x_wconf 87' lang='lat' dir='ltr'>corpora</span> <span class='ocrx_word' id='word_1_32' title='bbox 1198 1119 1314 1176; x_wconf 78' lang='lat' dir='ltr'>mores.</span> 
     </span>
     <span class='ocr_line' id='line_1_6' title="bbox 392 1204 1460 1295; baseline -0.001 -20"><span class='ocrx_word' id='word_1_33' title='bbox 392 1206 463 1275; x_wconf 90' lang='lat' dir='ltr'>Nec</span> <span class='ocrx_word' id='word_1_34' title='bbox 487 1208 579 1273; x_wconf 90' lang='lat' dir='ltr'>nimis</span> <span class='ocrx_word' id='word_1_35' title='bbox 602 1214 652 1272; x_wconf 90' lang='lat' dir='ltr'>est</span> <span class='ocrx_word' id='word_1_36' title='bbox 674 1207 857 1295; x_wconf 88' lang='lat' dir='ltr'>quaerenda</span> <span class='ocrx_word' id='word_1_37' title='bbox 878 1204 972 1287; x_wconf 79' lang='lat' dir='ltr'>fides3</span> <span class='ocrx_word' id='word_1_38' title='bbox 1004 1207 1050 1272; x_wconf 91' lang='lat' dir='ltr'>sic</span> <span class='ocrx_word' id='word_1_39' title='bbox 1078 1214 1236 1295; x_wconf 82' lang='lat' dir='ltr'>temperat</span> <span class='ocrx_word' id='word_1_40' title='bbox 1258 1230 1343 1284; x_wconf 85' lang='lat' dir='ltr'>arva</span> <span class='ocrx_word' id='word_1_41' title='bbox 1454 1233 1460 1240; x_wconf 96' lang='lat'>·</span> 
     </span>
     <span class='ocr_line' id='line_1_7' title="bbox 396 1315 1332 1405; baseline -0.001 -22"><span class='ocrx_word' id='word_1_42' title='bbox 396 1315 540 1399; x_wconf 87' lang='lat' dir='ltr'>Caelum,</span> <span class='ocrx_word' id='word_1_43' title='bbox 562 1317 607 1381; x_wconf 90' lang='lat' dir='ltr'>sic</span> <span class='ocrx_word' id='word_1_44' title='bbox 630 1316 734 1380; x_wconf 88' lang='lat' dir='ltr'>varias</span> <span class='ocrx_word' id='word_1_45' title='bbox 756 1316 864 1405; x_wconf 77' lang='lat' dir='ltr'>fruges</span> <span class='ocrx_word' id='word_1_46' title='bbox 886 1315 1054 1405; x_wconf 84' lang='lat' dir='ltr'>redditque</span> <span class='ocrx_word' id='word_1_47' title='bbox 1076 1317 1231 1405; x_wconf 83' lang='lat' dir='ltr'>rapitque,</span> <span class='ocrx_word' id='word_1_48' title='bbox 1276 1326 1284 1342; x_wconf 73' lang='lat'><em>⁶</em></span> <span class='ocrx_word' id='word_1_49' title='bbox 1318 1373 1332 1390; x_wconf 87' lang='grc'>.,</span> 
     </span>
     <span class='ocr_line' id='line_1_8' title="bbox 394 1425 1269 1517; baseline -0.005 -22"><span class='ocrx_word' id='word_1_50' title='bbox 394 1428 449 1495; x_wconf 91' lang='lat' dir='ltr'>Sic</span> <span class='ocrx_word' id='word_1_51' title='bbox 472 1436 607 1517; x_wconf 90' lang='lat' dir='ltr'>pontum</span> <span class='ocrx_word' id='word_1_52' title='bbox 629 1435 740 1491; x_wconf 85' lang='lat' dir='ltr'>movet</span> <span class='ocrx_word' id='word_1_53' title='bbox 761 1449 799 1492; x_wconf 90' lang='lat' dir='ltr'>ac</span> <span class='ocrx_word' id='word_1_54' title='bbox 820 1427 912 1492; x_wconf 84' lang='lat' dir='ltr'>terris</span> <span class='ocrx_word' id='word_1_55' title='bbox 936 1425 1075 1491; x_wconf 88' lang='lat' dir='ltr'>immittit</span> <span class='ocrx_word' id='word_1_56' title='bbox 1097 1436 1129 1492; x_wconf 90' lang='lat' dir='ltr'>et</span> <span class='ocrx_word' id='word_1_57' title='bbox 1151 1427 1269 1509; x_wconf 78' lang='lat' dir='ltr'>aufert3</span> 
     </span>
     <span class='ocr_line' id='line_1_9' title="bbox 356 1534 1246 1626; baseline 0.006 -28"><span class='ocrx_word' id='word_1_58' title='bbox 356 1538 500 1626; x_wconf 78' lang='lat' dir='ltr'>mAtque</span> <span class='ocrx_word' id='word_1_59' title='bbox 521 1536 602 1602; x_wconf 88' lang='lat' dir='ltr'>haec</span> <span class='ocrx_word' id='word_1_60' title='bbox 625 1536 737 1603; x_wconf 90' lang='lat' dir='ltr'>seditio</span> <span class='ocrx_word' id='word_1_61' title='bbox 759 1534 893 1623; x_wconf 84' lang='lat' dir='ltr'>pelagus</span> <span class='ocrx_word' id='word_1_62' title='bbox 915 1558 1002 1601; x_wconf 90' lang='lat' dir='ltr'>nunc</span> <span class='ocrx_word' id='word_1_63' title='bbox 1024 1536 1128 1603; x_wconf 90' lang='lat' dir='ltr'>sidere</span> <span class='ocrx_word' id='word_1_64' title='bbox 1150 1535 1246 1603; x_wconf 89' lang='lat' dir='ltr'>lunae</span> 
     </span>
     <span class='ocr_line' id='line_1_10' title="bbox 301 1643 1203 1728; baseline -0.004 -13"><span class='ocrx_word' id='word_1_65' title='bbox 301 1671 303 1674; x_wconf 83' lang='lat'>·</span> <span class='ocrx_word' id='word_1_66' title='bbox 391 1646 479 1715; x_wconf 89' lang='lat' dir='ltr'>Mota</span> <span class='ocrx_word' id='word_1_67' title='bbox 504 1656 600 1728; x_wconf 85' lang='lat' dir='ltr'>tenet,</span> <span class='ocrx_word' id='word_1_68' title='bbox 621 1669 707 1712; x_wconf 91' lang='lat' dir='ltr'>nunc</span> <span class='ocrx_word' id='word_1_69' title='bbox 731 1645 855 1710; x_wconf 87' lang='lat' dir='ltr'>diverso</span> <span class='ocrx_word' id='word_1_70' title='bbox 878 1643 1039 1710; x_wconf 83' lang='lat' dir='ltr'>stimulata</span> <span class='ocrx_word' id='word_1_71' title='bbox 1063 1668 1203 1726; x_wconf 88' lang='lat' dir='ltr'>recessu,</span> 
     </span>
     <span class='ocr_line' id='line_1_11' title="bbox 391 1753 1344 1848; baseline 0.001 -23"><span class='ocrx_word' id='word_1_72' title='bbox 391 1756 488 1825; x_wconf 90' lang='lat' dir='ltr'>Nunc</span> <span class='ocrx_word' id='word_1_73' title='bbox 512 1760 585 1824; x_wconf 92' lang='lat' dir='ltr'>anni</span> <span class='ocrx_word' id='word_1_74' title='bbox 607 1757 709 1848; x_wconf 89' lang='lat' dir='ltr'>spatio</span> <span class='ocrx_word' id='word_1_75' title='bbox 731 1753 900 1822; x_wconf 88' lang='lat' dir='ltr'>Phoebum</span> <span class='ocrx_word' id='word_1_76' title='bbox 923 1756 1073 1821; x_wconf 83' lang='lat' dir='ltr'>corrritata</span> <span class='ocrx_word' id='word_1_77' title='bbox 1095 1754 1268 1823; x_wconf 90' lang='lat' dir='ltr'>volantem.</span> <span class='ocrx_word' id='word_1_78' title='bbox 1341 1820 1344 1826; x_wconf 90' lang='lat'><strong>.</strong></span> 
     </span>
     <span class='ocr_line' id='line_1_12' title="bbox 392 1864 1294 1947; baseline 0.002 -13"><span class='ocrx_word' id='word_1_79' title='bbox 392 1868 428 1935; x_wconf 86' lang='lat' dir='ltr'>si</span> <span class='ocrx_word' id='word_1_80' title='bbox 450 1868 616 1934; x_wconf 87' lang='lat' dir='ltr'>submersa</span> <span class='ocrx_word' id='word_1_81' title='bbox 638 1867 736 1947; x_wconf 87' lang='lat' dir='ltr'>fretis,</span> <span class='ocrx_word' id='word_1_82' title='bbox 759 1864 954 1931; x_wconf 84' lang='lat' dir='ltr'>concharum</span> <span class='ocrx_word' id='word_1_83' title='bbox 977 1874 1009 1931; x_wconf 92' lang='lat' dir='ltr'>et</span> <span class='ocrx_word' id='word_1_84' title='bbox 1032 1888 1162 1934; x_wconf 85' lang='lat' dir='ltr'>carcere</span> <span class='ocrx_word' id='word_1_85' title='bbox 1184 1867 1294 1936; x_wconf 85' lang='lat' dir='ltr'>clausa</span> 
     </span>
     <span class='ocr_line' id='line_1_13' title="bbox 391 1973 1169 2066; baseline -0.005 -21"><span class='ocrx_word' id='word_1_86' title='bbox 391 1978 441 2045; x_wconf 85' lang='lat' dir='ltr'>ad</span> <span class='ocrx_word' id='word_1_87' title='bbox 463 1976 559 2043; x_wconf 87' lang='lat' dir='ltr'>lunae</span> <span class='ocrx_word' id='word_1_88' title='bbox 581 1985 705 2042; x_wconf 89' lang='lat' dir='ltr'>motmn</span> <span class='ocrx_word' id='word_1_89' title='bbox 726 1976 851 2041; x_wconf 89' lang='lat' dir='ltr'>variant</span> <span class='ocrx_word' id='word_1_90' title='bbox 873 1973 1021 2040; x_wconf 84' lang='lat' dir='ltr'>animalia</span> <span class='ocrx_word' id='word_1_91' title='bbox 1043 1999 1169 2066; x_wconf 87' lang='lat' dir='ltr'>corpus,</span> 
     </span>
     <span class='ocr_line' id='line_1_14' title="bbox 353 2082 1198 2168; baseline 0.006 -20"><span class='ocrx_word' id='word_1_92' title='bbox 353 2086 434 2153; x_wconf 81' lang='lat' dir='ltr'>eeEt</span> <span class='ocrx_word' id='word_1_93' title='bbox 456 2109 530 2152; x_wconf 90' lang='lat' dir='ltr'>cum</span> <span class='ocrx_word' id='word_1_94' title='bbox 552 2084 667 2151; x_wconf 91' lang='lat' dir='ltr'>damna</span> <span class='ocrx_word' id='word_1_95' title='bbox 690 2093 761 2150; x_wconf 89' lang='lat' dir='ltr'>tuas</span> <span class='ocrx_word' id='word_1_96' title='bbox 782 2085 955 2163; x_wconf 82' lang='lat' dir='ltr'>imitantur,</span> <span class='ocrx_word' id='word_1_97' title='bbox 977 2082 1081 2163; x_wconf 89' lang='lat' dir='ltr'>Delia,</span> <span class='ocrx_word' id='word_1_98' title='bbox 1103 2086 1198 2168; x_wconf 87' lang='lat' dir='ltr'>vires,</span> 
     </span>
     <span class='ocr_line' id='line_1_15' title="bbox 392 2192 1239 2285; baseline -0.004 -22"><span class='ocrx_word' id='word_1_99' title='bbox 392 2197 444 2263; x_wconf 90' lang='lat' dir='ltr'>Tu</span> <span class='ocrx_word' id='word_1_100' title='bbox 467 2217 595 2285; x_wconf 90' lang='lat' dir='ltr'>quoque</span> <span class='ocrx_word' id='word_1_101' title='bbox 620 2194 766 2260; x_wconf 77' lang='lat' dir='ltr'>fraternis</span> <span class='ocrx_word' id='word_1_102' title='bbox 793 2194 820 2258; x_wconf 90' lang='lat' dir='ltr'>si</span> <span class='ocrx_word' id='word_1_103' title='bbox 848 2192 953 2259; x_wconf 89' lang='lat' dir='ltr'>reddis</span> <span class='ocrx_word' id='word_1_104' title='bbox 977 2193 1122 2258; x_wconf 91' lang='lat' dir='ltr'>curribus</span> <span class='ocrx_word' id='word_1_105' title='bbox 1142 2217 1209 2276; x_wconf 89' lang='lat' dir='ltr'>ora,</span> <span class='ocrx_word' id='word_1_106' title='bbox 1237 2241 1239 2245; x_wconf 29' lang='grc' dir='ltr'><strong><em>ι</em></strong></span> 
     </span>
     <span class='ocr_line' id='line_1_16' title="bbox 390 2301 1406 2400; baseline 0.002 -25"><span class='ocrx_word' id='word_1_107' title='bbox 390 2308 496 2396; x_wconf 87' lang='lat' dir='ltr'>Atque</span> <span class='ocrx_word' id='word_1_108' title='bbox 518 2306 634 2370; x_wconf 89' lang='lat' dir='ltr'>iterum</span> <span class='ocrx_word' id='word_1_109' title='bbox 657 2328 699 2370; x_wconf 85' lang='lat' dir='ltr'>ex</span> <span class='ocrx_word' id='word_1_110' title='bbox 719 2301 822 2368; x_wconf 90' lang='lat' dir='ltr'>isdem</span> <span class='ocrx_word' id='word_1_111' title='bbox 844 2303 972 2391; x_wconf 87' lang='lat' dir='ltr'>repetis,</span> <span class='ocrx_word' id='word_1_112' title='bbox 996 2311 1214 2395; x_wconf 89' lang='lat' dir='ltr'>quantumque</span> <span class='ocrx_word' id='word_1_113' title='bbox 1237 2306 1406 2400; x_wconf 84' lang='lat' dir='ltr'>relinquit</span> 
     </span>
     <span class='ocr_line' id='line_1_17' title="bbox 391 2412 1337 2496; baseline -0.002 -13"><span class='ocrx_word' id='word_1_114' title='bbox 391 2418 456 2484; x_wconf 84' lang='lat' dir='ltr'>Aut</span> <span class='ocrx_word' id='word_1_115' title='bbox 477 2414 564 2481; x_wconf 91' lang='lat' dir='ltr'>dedit</span> <span class='ocrx_word' id='word_1_116' title='bbox 582 2414 645 2494; x_wconf 85' lang='lat' dir='ltr'>ifle,</span> <span class='ocrx_word' id='word_1_117' title='bbox 667 2415 766 2480; x_wconf 85' lang='lat' dir='ltr'>refers</span> <span class='ocrx_word' id='word_1_118' title='bbox 790 2422 822 2479; x_wconf 91' lang='lat' dir='ltr'>et</span> <span class='ocrx_word' id='word_1_119' title='bbox 842 2412 931 2478; x_wconf 83' lang='lat' dir='ltr'>sidus</span> <span class='ocrx_word' id='word_1_120' title='bbox 954 2412 1057 2479; x_wconf 85' lang='lat' dir='ltr'>sidere</span> <span class='ocrx_word' id='word_1_121' title='bbox 1080 2424 1218 2496; x_wconf 90' lang='lat' dir='ltr'>constas,</span> <span class='ocrx_word' id='word_1_122' title='bbox 1334 2463 1337 2466; x_wconf 90' lang='lat'><em>-</em></span> 
     </span>
     <span class='ocr_line' id='line_1_18' title="bbox 387 2521 1208 2614; baseline -0.001 -22"><span class='ocrx_word' id='word_1_123' title='bbox 387 2524 537 2614; x_wconf 90' lang='lat' dir='ltr'>Denique</span> <span class='ocrx_word' id='word_1_124' title='bbox 560 2526 586 2589; x_wconf 87' lang='lat' dir='ltr'>si</span> <span class='ocrx_word' id='word_1_125' title='bbox 607 2523 749 2613; x_wconf 87' lang='lat' dir='ltr'>pecudes</span> <span class='ocrx_word' id='word_1_126' title='bbox 773 2532 805 2588; x_wconf 90' lang='lat' dir='ltr'>et</span> <span class='ocrx_word' id='word_1_127' title='bbox 826 2532 914 2588; x_wconf 87' lang='lat' dir='ltr'>muta</span> <span class='ocrx_word' id='word_1_128' title='bbox 937 2521 1085 2589; x_wconf 89' lang='lat' dir='ltr'>animalia</span> <span class='ocrx_word' id='word_1_129' title='bbox 1108 2527 1208 2608; x_wconf 75' lang='lat' dir='ltr'>terrie,</span> 
     </span>
     <span class='ocr_line' id='line_1_19' title="bbox 339 2631 1267 2723; baseline 0.009 -29"><span class='ocrx_word' id='word_1_130' title='bbox 339 2654 379 2695; x_wconf 75' lang='lat' dir='ltr'>rur</span> <span class='ocrx_word' id='word_1_131' title='bbox 391 2635 501 2720; x_wconf 87' lang='lat' dir='ltr'>Quum</span> <span class='ocrx_word' id='word_1_132' title='bbox 522 2641 673 2700; x_wconf 83' lang='lat' dir='ltr'>maneant</span> <span class='ocrx_word' id='word_1_133' title='bbox 691 2634 803 2721; x_wconf 84' lang='lat' dir='ltr'>ignara</span> <span class='ocrx_word' id='word_1_134' title='bbox 824 2634 874 2698; x_wconf 90' lang='lat' dir='ltr'>sui</span> <span class='ocrx_word' id='word_1_135' title='bbox 895 2631 1039 2722; x_wconf 81' lang='lat' dir='ltr'>legisque</span> <span class='ocrx_word' id='word_1_136' title='bbox 1062 2657 1120 2723; x_wconf 88' lang='lat' dir='ltr'>per</span> <span class='ocrx_word' id='word_1_137' title='bbox 1141 2659 1267 2718; x_wconf 85' lang='lat' dir='ltr'>aevum,</span> 
     </span>
     <span class='ocr_line' id='line_1_20' title="bbox 387 2742 1264 2833; baseline 0 -22"><span class='ocrx_word' id='word_1_138' title='bbox 387 2744 512 2811; x_wconf 89' lang='lat' dir='ltr'>Natura</span> <span class='ocrx_word' id='word_1_139' title='bbox 534 2754 640 2809; x_wconf 90' lang='lat' dir='ltr'>tamen</span> <span class='ocrx_word' id='word_1_140' title='bbox 664 2742 704 2808; x_wconf 90' lang='lat' dir='ltr'>ad</span> <span class='ocrx_word' id='word_1_141' title='bbox 726 2742 882 2809; x_wconf 89' lang='lat' dir='ltr'>mundum</span> <span class='ocrx_word' id='word_1_142' title='bbox 903 2750 1077 2814; x_wconf 78' lang='lat' dir='ltr'>revocante</span> <span class='ocrx_word' id='word_1_143' title='bbox 1099 2756 1264 2833; x_wconf 86' lang='lat' dir='ltr'>parentem</span> 
     </span>
     <span class='ocr_line' id='line_1_21' title="bbox 389 2852 1259 2941; baseline 0.001 -21"><span class='ocrx_word' id='word_1_144' title='bbox 389 2853 548 2920; x_wconf 86' lang='lat' dir='ltr'>Attollunt</span> <span class='ocrx_word' id='word_1_145' title='bbox 570 2854 703 2935; x_wconf 87' lang='lat' dir='ltr'>animos,</span> <span class='ocrx_word' id='word_1_146' title='bbox 726 2852 917 2941; x_wconf 87' lang='lat' dir='ltr'>caelumque</span> <span class='ocrx_word' id='word_1_147' title='bbox 941 2860 973 2917; x_wconf 92' lang='lat' dir='ltr'>et</span> <span class='ocrx_word' id='word_1_148' title='bbox 993 2853 1099 2919; x_wconf 87' lang='lat' dir='ltr'>sidera</span> <span class='ocrx_word' id='word_1_149' title='bbox 1120 2864 1259 2936; x_wconf 88' lang='lat' dir='ltr'>servant,</span> 
     </span>
     <span class='ocr_line' id='line_1_22' title="bbox 388 2961 1268 3055; baseline 0.003 -25"><span class='ocrx_word' id='word_1_150' title='bbox 388 2962 597 3055; x_wconf 85' lang='lat' dir='ltr'>Corporaque</span> <span class='ocrx_word' id='word_1_151' title='bbox 621 2962 661 3029; x_wconf 94' lang='lat' dir='ltr'>ad</span> <span class='ocrx_word' id='word_1_152' title='bbox 682 2961 778 3029; x_wconf 91' lang='lat' dir='ltr'>lunae</span> <span class='ocrx_word' id='word_1_153' title='bbox 800 2962 961 3029; x_wconf 91' lang='lat' dir='ltr'>nascentis</span> <span class='ocrx_word' id='word_1_154' title='bbox 985 2984 1104 3031; x_wconf 89' lang='lat' dir='ltr'>cornua</span> <span class='ocrx_word' id='word_1_155' title='bbox 1125 2962 1268 3048; x_wconf 83' lang='lat' dir='ltr'>lustrant,</span> 
     </span>
    </p>
   </div>
   <div class='ocr_carea' id='block_1_3' title="bbox 321 3267 1525 3578">
    <p class='ocr_par' dir='ltr' id='par_1_3' title="bbox 321 3267 1525 3578">
     <span class='ocr_line' id='line_1_23' title="bbox 321 3267 1471 3348; baseline 0.005 -18"><span class='ocrx_word' id='word_1_156' title='bbox 321 3274 356 3331; x_wconf 77' lang='lat' dir='ltr'>A.</span> <span class='ocrx_word' id='word_1_157' title='bbox 383 3292 409 3329; x_wconf 81' lang='lat' dir='ltr'>v.</span> <span class='ocrx_word' id='word_1_158' title='bbox 423 3274 461 3331; x_wconf 97' lang='grc'>83</span> <span class='ocrx_word' id='word_1_159' title='bbox 481 3268 621 3328; x_wconf 84' lang='lat' dir='ltr'>aethereis</span> <span class='ocrx_word' id='word_1_160' title='bbox 718 3290 745 3329; x_wconf 86' lang='lat' dir='ltr'>v.</span> <span class='ocrx_word' id='word_1_161' title='bbox 760 3274 797 3330; x_wconf 85' lang='lat'>85</span> <span class='ocrx_word' id='word_1_162' title='bbox 819 3281 850 3326; x_wconf 94' lang='lat' dir='ltr'>ut</span> <span class='ocrx_word' id='word_1_163' title='bbox 869 3271 1030 3348; x_wconf 83' lang='lat' dir='ltr'>victamque</span> <span class='ocrx_word' id='word_1_164' title='bbox 1052 3290 1086 3329; x_wconf 86' lang='lat' dir='ltr'>ac</span> <span class='ocrx_word' id='word_1_165' title='bbox 1105 3272 1183 3332; x_wconf 85' lang='lat' dir='ltr'>facta</span> <span class='ocrx_word' id='word_1_166' title='bbox 1279 3267 1360 3347; x_wconf 42' lang='grc'>887,</span> <span class='ocrx_word' id='word_1_167' title='bbox 1378 3280 1471 3336; x_wconf 88' lang='lat' dir='ltr'>minus</span> 
     </span>
     <span class='ocr_line' id='line_1_24' title="bbox 381 3348 1525 3425; baseline -0.003 -21"><span class='ocrx_word' id='word_1_168' title='bbox 381 3369 408 3407; x_wconf 84' lang='lat' dir='ltr'>v.</span> <span class='ocrx_word' id='word_1_169' title='bbox 423 3348 576 3425; x_wconf 11' lang='lat' dir='ltr'>soypelagi</span> <span class='ocrx_word' id='word_1_170' title='bbox 595 3380 634 3389; x_wconf 91' lang='lat'>-</span> <span class='ocrx_word' id='word_1_171' title='bbox 654 3348 750 3405; x_wconf 86' lang='lat' dir='ltr'>sidera</span> <span class='ocrx_word' id='word_1_172' title='bbox 828 3366 853 3404; x_wconf 84' lang='lat' dir='ltr'>v.</span> <span class='ocrx_word' id='word_1_173' title='bbox 868 3352 903 3405; x_wconf 89' lang='lat'>91</span> <span class='ocrx_word' id='word_1_174' title='bbox 920 3356 1019 3404; x_wconf 91' lang='lat' dir='ltr'>tenent</span> <span class='ocrx_word' id='word_1_175' title='bbox 1097 3368 1122 3405; x_wconf 84' lang='lat' dir='ltr'>v.</span> <span class='ocrx_word' id='word_1_176' title='bbox 1137 3355 1174 3409; x_wconf 90' lang='grc'>93</span> <span class='ocrx_word' id='word_1_177' title='bbox 1194 3350 1243 3409; x_wconf 87' lang='lat' dir='ltr'>Sic</span> <span class='ocrx_word' id='word_1_178' title='bbox 1321 3372 1346 3412; x_wconf 74' lang='lat' dir='ltr'>r.</span> <span class='ocrx_word' id='word_1_179' title='bbox 1363 3359 1400 3413; x_wconf 88' lang='lat'>96</span> <span class='ocrx_word' id='word_1_180' title='bbox 1420 3356 1470 3413; x_wconf 87' lang='lat' dir='ltr'>Sic</span> <span class='ocrx_word' id='word_1_181' title='bbox 1487 3385 1525 3401; x_wconf 88' lang='lat'>...</span> 
     </span>
     <span class='ocr_line' id='line_1_25' title="bbox 379 3424 1488 3500; baseline 0.002 -17"><span class='ocrx_word' id='word_1_182' title='bbox 379 3426 512 3483; x_wconf 83' lang='lat' dir='ltr'>cornibus</span> <span class='ocrx_word' id='word_1_183' title='bbox 588 3444 614 3482; x_wconf 86' lang='lat' dir='ltr'>v.</span> <span class='ocrx_word' id='word_1_184' title='bbox 628 3428 666 3484; x_wconf 91' lang='lat'>97</span> <span class='ocrx_word' id='word_1_185' title='bbox 684 3425 800 3500; x_wconf 87' lang='lat' dir='ltr'>reliquit</span> <span class='ocrx_word' id='word_1_186' title='bbox 883 3442 906 3483; x_wconf 85' lang='lat' dir='ltr'>v.</span> <span class='ocrx_word' id='word_1_187' title='bbox 920 3428 958 3482; x_wconf 83' lang='lat'>98</span> <span class='ocrx_word' id='word_1_188' title='bbox 978 3424 1066 3481; x_wconf 78' lang='lat' dir='ltr'>refert</span> <span class='ocrx_word' id='word_1_189' title='bbox 1084 3456 1122 3468; x_wconf 87' lang='lat'>-·</span> <span class='ocrx_word' id='word_1_190' title='bbox 1142 3439 1268 3487; x_wconf 83' lang='lat' dir='ltr'>constat.</span> <span class='ocrx_word' id='word_1_191' title='bbox 1347 3448 1374 3487; x_wconf 87' lang='lat' dir='ltr'>v.</span> <span class='ocrx_word' id='word_1_192' title='bbox 1389 3435 1426 3491; x_wconf 90' lang='grc'>99</span> <span class='ocrx_word' id='word_1_193' title='bbox 1446 3434 1488 3490; x_wconf 84' lang='lat' dir='ltr'>sic</span> 
     </span>
     <span class='ocr_line' id='line_1_26' title="bbox 379 3499 991 3578; baseline 0 -19"><span class='ocrx_word' id='word_1_194' title='bbox 379 3522 406 3560; x_wconf 87' lang='lat' dir='ltr'>v.</span> <span class='ocrx_word' id='word_1_195' title='bbox 421 3507 477 3559; x_wconf 89' lang='lat'>100</span> <span class='ocrx_word' id='word_1_196' title='bbox 496 3502 645 3578; x_wconf 75' lang='lat' dir='ltr'>pertenuis</span> <span class='ocrx_word' id='word_1_197' title='bbox 722 3520 750 3558; x_wconf 83' lang='lat' dir='ltr'>r.</span> <span class='ocrx_word' id='word_1_198' title='bbox 763 3506 819 3559; x_wconf 88' lang='grc'>102</span> <span class='ocrx_word' id='word_1_199' title='bbox 839 3519 875 3558; x_wconf 89' lang='lat' dir='ltr'>ac</span> <span class='ocrx_word' id='word_1_200' title='bbox 893 3499 991 3559; x_wconf 84' lang='lat' dir='ltr'>sidera</span> 
     </span>
    </p>
   </div>
   <div class='ocr_carea' id='block_1_4' title="bbox 321 3660 1524 3804">
    <p class='ocr_par' dir='ltr' id='par_1_4' title="bbox 321 3660 1524 3804">
     <span class='ocr_line' id='line_1_27' title="bbox 321 3660 1524 3747; baseline -0.002 -30"><span class='ocrx_word' id='word_1_201' title='bbox 321 3663 354 3721; x_wconf 88' lang='lat' dir='ltr'>S.</span> <span class='ocrx_word' id='word_1_202' title='bbox 381 3682 407 3718; x_wconf 89' lang='lat' dir='ltr'>v.</span> <span class='ocrx_word' id='word_1_203' title='bbox 420 3665 458 3721; x_wconf 89' lang='grc'>83</span> <span class='ocrx_word' id='word_1_204' title='bbox 478 3660 620 3719; x_wconf 88' lang='lat' dir='ltr'>aethereis</span> <span class='ocrx_word' id='word_1_205' title='bbox 698 3681 723 3719; x_wconf 85' lang='lat' dir='ltr'>r.</span> <span class='ocrx_word' id='word_1_206' title='bbox 738 3666 776 3721; x_wconf 89' lang='grc'>85</span> <span class='ocrx_word' id='word_1_207' title='bbox 796 3663 936 3720; x_wconf 86' lang='lat' dir='ltr'>ministret</span> <span class='ocrx_word' id='word_1_208' title='bbox 1012 3680 1037 3719; x_wconf 86' lang='lat' dir='ltr'>v.</span> <span class='ocrx_word' id='word_1_209' title='bbox 1053 3666 1091 3721; x_wconf 86' lang='lat'>87</span> <span class='ocrx_word' id='word_1_210' title='bbox 1110 3663 1203 3720; x_wconf 84' lang='lat' dir='ltr'>minus</span> <span class='ocrx_word' id='word_1_211' title='bbox 1279 3682 1305 3722; x_wconf 86' lang='lat' dir='ltr'>v.</span> <span class='ocrx_word' id='word_1_212' title='bbox 1320 3670 1358 3726; x_wconf 84' lang='lat'>90</span> <span class='ocrx_word' id='word_1_213' title='bbox 1377 3668 1524 3747; x_wconf 62' lang='lat' dir='ltr'>pelagi...</span> 
     </span>
     <span class='ocr_line' id='line_1_28' title="bbox 380 3738 1421 3804; baseline 0.005 -9"><span class='ocrx_word' id='word_1_214' title='bbox 380 3738 476 3796; x_wconf 80' lang='lat' dir='ltr'>sidera</span> <span class='ocrx_word' id='word_1_215' title='bbox 553 3757 579 3794; x_wconf 87' lang='lat' dir='ltr'>v.</span> <span class='ocrx_word' id='word_1_216' title='bbox 594 3744 629 3797; x_wconf 86' lang='grc'>91</span> <span class='ocrx_word' id='word_1_217' title='bbox 651 3748 747 3799; x_wconf 91' lang='lat' dir='ltr'>tenent</span> <span class='ocrx_word' id='word_1_218' title='bbox 825 3758 849 3796; x_wconf 86' lang='lat' dir='ltr'>r.</span> <span class='ocrx_word' id='word_1_219' title='bbox 864 3743 901 3798; x_wconf 88' lang='grc'>93</span> <span class='ocrx_word' id='word_1_220' title='bbox 921 3738 972 3796; x_wconf 89' lang='lat' dir='ltr'>Sic</span> <span class='ocrx_word' id='word_1_221' title='bbox 1049 3757 1074 3795; x_wconf 86' lang='lat' dir='ltr'>r.</span> <span class='ocrx_word' id='word_1_222' title='bbox 1089 3744 1126 3798; x_wconf 90' lang='grc'>96</span> <span class='ocrx_word' id='word_1_223' title='bbox 1147 3742 1188 3797; x_wconf 88' lang='lat' dir='ltr'>sic</span> <span class='ocrx_word' id='word_1_224' title='bbox 1281 3761 1305 3799; x_wconf 83' lang='lat' dir='ltr'>v.</span> <span class='ocrx_word' id='word_1_225' title='bbox 1321 3750 1357 3804; x_wconf 85' lang='grc'>99</span> <span class='ocrx_word' id='word_1_226' title='bbox 1379 3746 1421 3803; x_wconf 86' lang='lat' dir='ltr'>sic</span> 
     </span>
    </p>
   </div>
   <div class='ocr_carea' id='block_1_5' title="bbox 321 3899 1539 4061">
    <p class='ocr_par' dir='ltr' id='par_1_5' title="bbox 321 3899 1539 4061">
     <span class='ocr_line' id='line_1_29' title="bbox 321 3899 1539 3967; baseline 0.003 -9"><span class='ocrx_word' id='word_1_227' title='bbox 321 3901 357 3959; x_wconf 90' lang='grc' dir='ltr'>Β.</span> <span class='ocrx_word' id='word_1_228' title='bbox 377 3919 404 3957; x_wconf 79' lang='lat' dir='ltr'>r.</span> <span class='ocrx_word' id='word_1_229' title='bbox 419 3903 456 3959; x_wconf 92' lang='grc'>83</span> <span class='ocrx_word' id='word_1_230' title='bbox 477 3900 618 3957; x_wconf 81' lang='lat' dir='ltr'>aethereis</span> <span class='ocrx_word' id='word_1_231' title='bbox 699 3919 726 3958; x_wconf 82' lang='lat' dir='ltr'>v.</span> <span class='ocrx_word' id='word_1_232' title='bbox 741 3902 779 3959; x_wconf 82' lang='grc'>84</span> <span class='ocrx_word' id='word_1_233' title='bbox 799 3899 896 3957; x_wconf 89' lang='lat' dir='ltr'>condit</span> <span class='ocrx_word' id='word_1_234' title='bbox 979 3916 1003 3956; x_wconf 86' lang='lat' dir='ltr'>v.</span> <span class='ocrx_word' id='word_1_235' title='bbox 1018 3903 1056 3958; x_wconf 83' lang='lat'>87</span> <span class='ocrx_word' id='word_1_236' title='bbox 1077 3901 1101 3956; x_wconf 84' lang='lat' dir='ltr'>si</span> <span class='ocrx_word' id='word_1_237' title='bbox 1184 3919 1210 3959; x_wconf 87' lang='lat' dir='ltr'>v.</span> <span class='ocrx_word' id='word_1_238' title='bbox 1224 3904 1263 3961; x_wconf 91' lang='grc'>88</span> <span class='ocrx_word' id='word_1_239' title='bbox 1282 3903 1307 3959; x_wconf 83' lang='lat' dir='ltr'>si</span> <span class='ocrx_word' id='word_1_240' title='bbox 1393 3924 1419 3963; x_wconf 88' lang='lat' dir='ltr'>v.</span> <span class='ocrx_word' id='word_1_241' title='bbox 1434 3911 1472 3967; x_wconf 90' lang='grc'>89</span> <span class='ocrx_word' id='word_1_242' title='bbox 1491 3907 1539 3967; x_wconf 82' lang='lat' dir='ltr'>Si.</span> 
     </span>
     <span class='ocr_line' id='line_1_30' title="bbox 379 3975 1505 4061; baseline 0.007 -28"><span class='ocrx_word' id='word_1_243' title='bbox 379 3996 405 4036; x_wconf 85' lang='lat' dir='ltr'>r.</span> <span class='ocrx_word' id='word_1_244' title='bbox 419 3980 455 4036; x_wconf 85' lang='lat'>95</span> <span class='ocrx_word' id='word_1_245' title='bbox 475 3976 513 4033; x_wconf 87' lang='lat' dir='ltr'>Et</span> <span class='ocrx_word' id='word_1_246' title='bbox 531 3985 581 4034; x_wconf 90' lang='lat' dir='ltr'>tua</span> <span class='ocrx_word' id='word_1_247' title='bbox 601 3976 629 4034; x_wconf 88' lang='lat' dir='ltr'>d.</span> <span class='ocrx_word' id='word_1_248' title='bbox 650 3985 771 4054; x_wconf 84' lang='lat' dir='ltr'>tuasque</span> <span class='ocrx_word' id='word_1_249' title='bbox 849 3995 876 4034; x_wconf 81' lang='lat' dir='ltr'>r.</span> <span class='ocrx_word' id='word_1_250' title='bbox 891 3979 928 4036; x_wconf 90' lang='grc'>96</span> <span class='ocrx_word' id='word_1_251' title='bbox 949 3975 1048 4054; x_wconf 86' lang='lat' dir='ltr'>perdis</span> <span class='ocrx_word' id='word_1_252' title='bbox 1069 3978 1098 4033; x_wconf 95' lang='lat' dir='ltr'>in</span> <span class='ocrx_word' id='word_1_253' title='bbox 1118 3977 1213 4035; x_wconf 90' lang='lat' dir='ltr'>oribus</span> <span class='ocrx_word' id='word_1_254' title='bbox 1292 3996 1319 4036; x_wconf 83' lang='lat' dir='ltr'>r.</span> <span class='ocrx_word' id='word_1_255' title='bbox 1333 3984 1371 4039; x_wconf 89' lang='lat'>97</span> <span class='ocrx_word' id='word_1_256' title='bbox 1390 3983 1505 4061; x_wconf 89' lang='lat' dir='ltr'>reliquit</span> 
     </span>
    </p>
   </div>
   <div class='ocr_carea' id='block_1_6' title="bbox 319 4138 1523 4812">
    <p class='ocr_par' dir='ltr' id='par_1_6' title="bbox 319 4138 1523 4432">
     <span class='ocr_line' id='line_1_31' title="bbox 319 4138 1523 4216; baseline 0.005 -19"><span class='ocrx_word' id='word_1_257' title='bbox 319 4139 358 4197; x_wconf 87' lang='lat' dir='ltr'>V.</span> <span class='ocrx_word' id='word_1_258' title='bbox 378 4158 404 4197; x_wconf 84' lang='lat' dir='ltr'>v.</span> <span class='ocrx_word' id='word_1_259' title='bbox 419 4143 456 4198; x_wconf 91' lang='grc'>83</span> <span class='ocrx_word' id='word_1_260' title='bbox 476 4140 598 4198; x_wconf 77' lang='lat' dir='ltr'>aeternis</span> <span class='ocrx_word' id='word_1_261' title='bbox 618 4157 724 4196; x_wconf 85' lang='lat' dir='ltr'>ornnes.</span> <span class='ocrx_word' id='word_1_262' title='bbox 755 4139 862 4196; x_wconf 88' lang='lat' dir='ltr'>Verum</span> <span class='ocrx_word' id='word_1_263' title='bbox 882 4146 977 4195; x_wconf 86' lang='lat' dir='ltr'>tamen</span> <span class='ocrx_word' id='word_1_264' title='bbox 1002 4148 1087 4216; x_wconf 85' lang='lat' dir='ltr'>puto,</span> <span class='ocrx_word' id='word_1_265' title='bbox 1107 4138 1248 4198; x_wconf 81' lang='lat' dir='ltr'>aethereis.</span> <span class='ocrx_word' id='word_1_266' title='bbox 1365 4161 1391 4200; x_wconf 89' lang='lat' dir='ltr'>v.</span> <span class='ocrx_word' id='word_1_267' title='bbox 1406 4146 1443 4203; x_wconf 86' lang='lat'>85</span> <span class='ocrx_word' id='word_1_268' title='bbox 1463 4148 1523 4203; x_wconf 80' lang='lat' dir='ltr'>uite</span> 
     </span>
     <span class='ocr_line' id='line_1_32' title="bbox 377 4212 1522 4296; baseline 0.005 -23"><span class='ocrx_word' id='word_1_269' title='bbox 377 4217 413 4273; x_wconf 92' lang='lat' dir='ltr'>L.</span> <span class='ocrx_word' id='word_1_270' title='bbox 435 4216 470 4273; x_wconf 91' lang='lat' dir='ltr'>C.</span> <span class='ocrx_word' id='word_1_271' title='bbox 492 4235 566 4293; x_wconf 88' lang='lat' dir='ltr'>quae</span> <span class='ocrx_word' id='word_1_272' title='bbox 586 4212 695 4291; x_wconf 83' lang='lat' dir='ltr'>(signa)</span> <span class='ocrx_word' id='word_1_273' title='bbox 717 4234 889 4291; x_wconf 87' lang='lat' dir='ltr'>quamquam</span> <span class='ocrx_word' id='word_1_274' title='bbox 907 4214 993 4291; x_wconf 84' lang='lat' dir='ltr'>longo</span> <span class='ocrx_word' id='word_1_275' title='bbox 1018 4235 1136 4274; x_wconf 87' lang='lat' dir='ltr'>recessu</span> <span class='ocrx_word' id='word_1_276' title='bbox 1162 4226 1301 4275; x_wconf 87' lang='lat' dir='ltr'>summota</span> <span class='ocrx_word' id='word_1_277' title='bbox 1326 4221 1403 4294; x_wconf 85' lang='lat' dir='ltr'>cogit</span> <span class='ocrx_word' id='word_1_278' title='bbox 1427 4229 1522 4296; x_wconf 76' lang='lat' dir='ltr'>tamen</span> 
     </span>
     <span class='ocr_line' id='line_1_33' title="bbox 379 4292 1520 4369; baseline 0.007 -23"><span class='ocrx_word' id='word_1_279' title='bbox 379 4292 478 4369; x_wconf 84' lang='lat' dir='ltr'>(deus)</span> <span class='ocrx_word' id='word_1_280' title='bbox 499 4294 607 4359; x_wconf 82' lang='lat' dir='ltr'>sentiri,</span> <span class='ocrx_word' id='word_1_281' title='bbox 629 4301 658 4348; x_wconf 92' lang='lat' dir='ltr'>ut</span> <span class='ocrx_word' id='word_1_282' title='bbox 677 4293 738 4348; x_wconf 85' lang='lat' dir='ltr'>sata</span> <span class='ocrx_word' id='word_1_283' title='bbox 757 4294 916 4349; x_wconf 86' lang='lat' dir='ltr'>ministrent</span> <span class='ocrx_word' id='word_1_284' title='bbox 936 4293 1076 4368; x_wconf 86' lang='lat' dir='ltr'>gentibus.</span> <span class='ocrx_word' id='word_1_285' title='bbox 1193 4313 1218 4351; x_wconf 92' lang='lat' dir='ltr'>v.</span> <span class='ocrx_word' id='word_1_286' title='bbox 1233 4298 1270 4353; x_wconf 82' lang='lat'>87</span> <span class='ocrx_word' id='word_1_287' title='bbox 1291 4298 1387 4354; x_wconf 80' lang='lat' dir='ltr'>minus</span> <span class='ocrx_word' id='word_1_288' title='bbox 1407 4315 1520 4369; x_wconf 86' lang='lat' dir='ltr'>omnes;</span> 
     </span>
     <span class='ocr_line' id='line_1_34' title="bbox 379 4368 1520 4432; baseline 0.008 -9"><span class='ocrx_word' id='word_1_289' title='bbox 379 4386 453 4423; x_wconf 86' lang='lat' dir='ltr'>corr.</span> <span class='ocrx_word' id='word_1_290' title='bbox 473 4369 509 4426; x_wconf 93' lang='lat' dir='ltr'>B.</span> <span class='ocrx_word' id='word_1_291' title='bbox 588 4389 613 4425; x_wconf 87' lang='lat' dir='ltr'>v.</span> <span class='ocrx_word' id='word_1_292' title='bbox 628 4374 665 4427; x_wconf 91' lang='grc'>89</span> <span class='ocrx_word' id='word_1_293' title='bbox 686 4388 719 4425; x_wconf 85' lang='lat' dir='ltr'>ae</span> <span class='ocrx_word' id='word_1_294' title='bbox 737 4370 771 4425; x_wconf 93' lang='lat' dir='ltr'>L.</span> <span class='ocrx_word' id='word_1_295' title='bbox 794 4378 860 4426; x_wconf 87' lang='lat' dir='ltr'>cett.</span> <span class='ocrx_word' id='word_1_296' title='bbox 882 4375 920 4425; x_wconf 83' lang='lat' dir='ltr'>et.</span> <span class='ocrx_word' id='word_1_297' title='bbox 1001 4388 1025 4424; x_wconf 87' lang='lat' dir='ltr'>v.</span> <span class='ocrx_word' id='word_1_298' title='bbox 1041 4376 1078 4426; x_wconf 85' lang='lat'>90</span> <span class='ocrx_word' id='word_1_299' title='bbox 1097 4368 1192 4426; x_wconf 82' lang='lat' dir='ltr'>sidere</span> <span class='ocrx_word' id='word_1_300' title='bbox 1211 4390 1320 4429; x_wconf 87' lang='lat' dir='ltr'>omnes.</span> <span class='ocrx_word' id='word_1_301' title='bbox 1379 4392 1406 4429; x_wconf 85' lang='lat' dir='ltr'>v.</span> <span class='ocrx_word' id='word_1_302' title='bbox 1420 4379 1455 4432; x_wconf 86' lang='lat'>91</span> <span class='ocrx_word' id='word_1_303' title='bbox 1478 4382 1520 4431; x_wconf 81' lang='lat' dir='ltr'>te·</span> 
     </span>
    </p>

    <p class='ocr_par' dir='ltr' id='par_1_7' title="bbox 320 4444 1420 4506">
     <span class='ocr_line' id='line_1_35' title="bbox 320 4444 1420 4506; baseline 0.005 -6"><span class='ocrx_word' id='word_1_304' title='bbox 320 4469 324 4476; x_wconf 92' lang='lat'><strong>·</strong></span> <span class='ocrx_word' id='word_1_305' title='bbox 377 4450 448 4501; x_wconf 80' lang='lat' dir='ltr'>nent</span> <span class='ocrx_word' id='word_1_306' title='bbox 466 4463 573 4501; x_wconf 90' lang='lat' dir='ltr'>omnes.</span> <span class='ocrx_word' id='word_1_307' title='bbox 595 4464 668 4501; x_wconf 86' lang='lat' dir='ltr'>corr.</span> <span class='ocrx_word' id='word_1_308' title='bbox 690 4444 768 4502; x_wconf 89' lang='lat' dir='ltr'>Scal.</span> <span class='ocrx_word' id='word_1_309' title='bbox 789 4454 818 4501; x_wconf 92' lang='lat' dir='ltr'>et</span> <span class='ocrx_word' id='word_1_310' title='bbox 836 4444 872 4499; x_wconf 93' lang='lat' dir='ltr'>B.</span> <span class='ocrx_word' id='word_1_311' title='bbox 991 4462 1017 4501; x_wconf 86' lang='lat' dir='ltr'>r.</span> <span class='ocrx_word' id='word_1_312' title='bbox 1032 4449 1069 4503; x_wconf 84' lang='lat'>93</span> <span class='ocrx_word' id='word_1_313' title='bbox 1088 4444 1223 4503; x_wconf 74' lang='lat' dir='ltr'>rehensa</span> <span class='ocrx_word' id='word_1_314' title='bbox 1243 4447 1279 4504; x_wconf 92' lang='lat' dir='ltr'>V.</span> <span class='ocrx_word' id='word_1_315' title='bbox 1297 4451 1363 4505; x_wconf 83' lang='lat'><strong>1.2.</strong></span> <span class='ocrx_word' id='word_1_316' title='bbox 1384 4448 1420 4506; x_wconf 86' lang='lat' dir='ltr'>C.</span> 
     </span>
    </p>

    <p class='ocr_par' dir='ltr' id='par_1_8' title="bbox 364 4519 1522 4812">
     <span class='ocr_line' id='line_1_36' title="bbox 377 4519 1522 4604; baseline 0.009 -29"><span class='ocrx_word' id='word_1_317' title='bbox 377 4539 404 4577; x_wconf 84' lang='lat' dir='ltr'>v.</span> <span class='ocrx_word' id='word_1_318' title='bbox 418 4523 455 4579; x_wconf 88' lang='grc'>96</span> <span class='ocrx_word' id='word_1_319' title='bbox 475 4524 517 4578; x_wconf 82' lang='lat' dir='ltr'>eie</span> <span class='ocrx_word' id='word_1_320' title='bbox 537 4540 644 4579; x_wconf 87' lang='lat' dir='ltr'>omnes.</span> <span class='ocrx_word' id='word_1_321' title='bbox 672 4541 744 4578; x_wconf 90' lang='lat' dir='ltr'>corr.</span> <span class='ocrx_word' id='word_1_322' title='bbox 765 4521 800 4577; x_wconf 92' lang='lat' dir='ltr'>B.</span> <span class='ocrx_word' id='word_1_323' title='bbox 898 4538 924 4577; x_wconf 87' lang='lat' dir='ltr'>v.</span> <span class='ocrx_word' id='word_1_324' title='bbox 940 4526 977 4580; x_wconf 89' lang='grc'>97</span> <span class='ocrx_word' id='word_1_325' title='bbox 996 4519 1100 4577; x_wconf 80' lang='lat' dir='ltr'>hisdem</span> <span class='ocrx_word' id='word_1_326' title='bbox 1119 4522 1154 4578; x_wconf 94' lang='lat' dir='ltr'>L.</span> <span class='ocrx_word' id='word_1_327' title='bbox 1176 4522 1252 4580; x_wconf 83' lang='lat' dir='ltr'><strong>V.1.</strong></span> <span class='ocrx_word' id='word_1_328' title='bbox 1268 4528 1295 4585; x_wconf 86' lang='lat'>2.</span> <span class='ocrx_word' id='word_1_329' title='bbox 1322 4556 1361 4567; x_wconf 90' lang='lat'>-··</span> <span class='ocrx_word' id='word_1_330' title='bbox 1384 4526 1522 4604; x_wconf 75' lang='lat' dir='ltr'>relinquis</span> 
     </span>
     <span class='ocr_line' id='line_1_37' title="bbox 364 4595 1521 4669; baseline 0.006 -16"><span class='ocrx_word' id='word_1_331' title='bbox 364 4596 496 4655; x_wconf 82' lang='lat' dir='ltr'><strong>·v.1.2.</strong></span> <span class='ocrx_word' id='word_1_332' title='bbox 518 4597 553 4653; x_wconf 90' lang='lat' dir='ltr'>C.</span> <span class='ocrx_word' id='word_1_333' title='bbox 573 4598 608 4654; x_wconf 92' lang='lat' dir='ltr'>L.</span> <span class='ocrx_word' id='word_1_334' title='bbox 687 4617 711 4654; x_wconf 88' lang='lat' dir='ltr'>v.</span> <span class='ocrx_word' id='word_1_335' title='bbox 725 4600 763 4657; x_wconf 89' lang='grc'>98</span> <span class='ocrx_word' id='word_1_336' title='bbox 782 4595 868 4669; x_wconf 77' lang='lat' dir='ltr'>refert</span> <span class='ocrx_word' id='word_1_337' title='bbox 886 4628 925 4640; x_wconf 79' lang='lat'><em>—</em></span> <span class='ocrx_word' id='word_1_338' title='bbox 944 4604 1083 4655; x_wconf 80' lang='lat' dir='ltr'>coaeterne</span> <span class='ocrx_word' id='word_1_339' title='bbox 1102 4616 1211 4658; x_wconf 82' lang='lat' dir='ltr'>omnes,</span> <span class='ocrx_word' id='word_1_340' title='bbox 1232 4619 1269 4658; x_wconf 85' lang='lat' dir='ltr'>ex</span> <span class='ocrx_word' id='word_1_341' title='bbox 1289 4601 1326 4658; x_wconf 94' lang='lat' dir='ltr'>G.</span> <span class='ocrx_word' id='word_1_342' title='bbox 1349 4620 1422 4660; x_wconf 86' lang='lat' dir='ltr'>corr.</span> <span class='ocrx_word' id='word_1_343' title='bbox 1444 4603 1521 4662; x_wconf 88' lang='lat' dir='ltr'>Scal.</span> 
     </span>
     <span class='ocr_line' id='line_1_38' title="bbox 374 4673 1521 4753; baseline 0.008 -24"><span class='ocrx_word' id='word_1_344' title='bbox 374 4684 404 4731; x_wconf 72' lang='lat' dir='ltr'>r.</span> <span class='ocrx_word' id='word_1_345' title='bbox 419 4677 457 4734; x_wconf 86' lang='lat'>99</span> <span class='ocrx_word' id='word_1_346' title='bbox 475 4677 518 4731; x_wconf 81' lang='lat' dir='ltr'>ete</span> <span class='ocrx_word' id='word_1_347' title='bbox 538 4691 647 4731; x_wconf 85' lang='lat' dir='ltr'>ornnes.</span> <span class='ocrx_word' id='word_1_348' title='bbox 668 4692 741 4733; x_wconf 85' lang='lat' dir='ltr'>corr.</span> <span class='ocrx_word' id='word_1_349' title='bbox 762 4675 798 4733; x_wconf 92' lang='lat' dir='ltr'>B.</span> <span class='ocrx_word' id='word_1_350' title='bbox 896 4694 922 4732; x_wconf 81' lang='lat' dir='ltr'>r.</span> <span class='ocrx_word' id='word_1_351' title='bbox 937 4679 994 4732; x_wconf 85' lang='lat'>102</span> <span class='ocrx_word' id='word_1_352' title='bbox 1014 4673 1052 4732; x_wconf 82' lang='lat' dir='ltr'>ed</span> <span class='ocrx_word' id='word_1_353' title='bbox 1067 4673 1163 4733; x_wconf 76' lang='lat' dir='ltr'>sidere</span> <span class='ocrx_word' id='word_1_354' title='bbox 1183 4675 1220 4734; x_wconf 85' lang='lat' dir='ltr'>V.</span> <span class='ocrx_word' id='word_1_355' title='bbox 1236 4682 1263 4736; x_wconf 86' lang='lat'>1.</span> <span class='ocrx_word' id='word_1_356' title='bbox 1278 4680 1308 4736; x_wconf 87' lang='lat'>2.</span> <span class='ocrx_word' id='word_1_357' title='bbox 1329 4676 1365 4753; x_wconf 71' lang='lat' dir='ltr'>C.</span> <span class='ocrx_word' id='word_1_358' title='bbox 1384 4677 1521 4738; x_wconf 82' lang='lat' dir='ltr'>Fortasse</span> 
     </span>
     <span class='ocr_line' id='line_1_39' title="bbox 377 4750 1313 4812; baseline -0.001 0"><span class='ocrx_word' id='word_1_359' title='bbox 377 4769 412 4812; x_wconf 83' lang='lat' dir='ltr'>ue</span> <span class='ocrx_word' id='word_1_360' title='bbox 432 4750 624 4810; x_wconf 82' lang='lat' dir='ltr'>scribendum.</span> <span class='ocrx_word' id='word_1_361' title='bbox 643 4781 682 4792; x_wconf 96' lang='lat'>-</span> <span class='ocrx_word' id='word_1_362' title='bbox 1273 4787 1275 4793; x_wconf 93' lang='lat'>·</span> <span class='ocrx_word' id='word_1_363' title='bbox 1311 4781 1313 4786; x_wconf 49' lang='lat'><strong>⁴</strong></span> 
     </span>
    </p>
   </div>
   <div class='ocr_carea' id='block_1_7' title="bbox 0 0 1854 5609">
    <p class='ocr_par' dir='ltr' id='par_1_9' title="bbox 0 0 1854 5609">
     <span class='ocr_line' id='line_1_40' title="bbox 0 0 1854 5609; baseline 0 4"><span class='ocrx_word' id='word_1_364' title='bbox 0 0 1854 5609; x_wconf 95' lang='lat' dir='ltr'> </span> 
     </span>
    </p>
   </div>
  </div>
 </body>
</html>
