3700 5609
687 576 793 644 Lrsnn
813 573 862 645 ΠΙ.
905 601 936 645 r.
960 582 1105 647 43-67,

441 746 538 815 Nunc
561 769 622 838 age
644 746 750 815 subtili
771 771 840 815 rem
863 772 1023 816 summam
1045 751 1192 841 perspice
1215 773 1300 833 cura,

379 857 472 943 Quae
495 858 551 924 tibi
571 860 762 948 praecipuos
785 883 862 925 usus
884 869 1061 926 monstrata
1083 862 1247 943 ministrat,

339 967 423 1033 ⁴⁵Et
445 977 549 1036 certas
572 968 627 1035 dat
647 970 680 1034 in
702 979 769 1036 arte
791 971 859 1035 vias
883 969 923 1035 ad
945 970 1009 1035 tata
1031 970 1169 1038 videnda

378 1080 415 1146 Si
436 1078 519 1145 bene
542 1079 720 1145 constiterit
740 1078 883 1168 vigilanti
906 1079 1033 1147 condita
1057 1104 1164 1148 sensu.

378 1189 575 1279 Principium
596 1211 704 1255 rerum
727 1198 760 1255 et
782 1199 889 1256 custos
911 1198 1026 1255 natura
1046 1188 1201 1257 latentum

378 1300 488 1385 Quum
509 1309 613 1366 tantas
635 1309 774 1368 strueret
794 1299 896 1368 moles
918 1323 977 1390 per
998 1302 1126 1367 moenia
1147 1301 1267 1384 mundi,

378 1409 421 1476 Et
442 1410 639 1477 circumfusis
663 1411 773 1477 orbem
796 1409 1004 1478 concluderet
1025 1413 1117 1478 astris

340 1520 530 1610 wUndique
553 1520 748 1609 pendentem
769 1522 802 1586 in
824 1520 975 1603 medium,
998 1522 1188 1613 diversaque
1211 1522 1355 1591 membra

380 1630 551 1697 Ordinibus
574 1634 667 1697 certis
691 1632 829 1697 sociaret
851 1654 968 1720 corpus
990 1633 1022 1697 in
1044 1655 1154 1715 unum,

379 1742 528 1832 Aeraque
551 1749 584 1806 et
608 1749 707 1806 terras
730 1739 957 1831 flammamque
978 1742 1163 1832 undamque
1183 1753 1347 1812 natantem

380 1851 491 1918 Mutua
513 1852 545 1916 in
570 1849 727 1917 aitemum
749 1852 904 1941 praebere
926 1850 1076 1919 alimenta
1097 1852 1231 1933 iuberet,

381 1963 427 2031 Ut
449 1972 496 2029 tot
517 1966 689 2053 pugnantis
712 1971 839 2052 regeret
861 1962 1033 2029 concordia
1055 1986 1179 2045 causas,

340 2090 368 2131 ³⁵
382 2072 552 2164 Staretque
576 2072 697 2139 altemo
719 2071 871 2162 religatus
893 2071 1024 2138 foedere
1045 2074 1193 2155 mundus,

380 2182 562 2273 Exceptum
585 2205 752 2249 asumma
774 2206 814 2249 ne
837 2182 912 2273 quid
934 2184 1058 2250 ratione
1080 2194 1233 2267 maneret,

379 2291 422 2357 m
444 2292 530 2383 quod
553 2302 621 2359 erat
642 2294 762 2375 mundi,
784 2292 903 2361 mundo
926 2302 1091 2380 regeretur
1113 2293 1152 2360 ab
1173 2296 1262 2384 ipso;

378 2402 458 2469 Fata
481 2426 610 2494 quoque
633 2412 665 2469 et
685 2404 767 2469 vitas
789 2401 955 2470 hominum
977 2402 1144 2492 suspendit
1166 2405 1205 2471 ab
1229 2406 1331 2485 astris,

381 2514 474 2599 Quae
498 2537 638 2580 summas
663 2536 798 2604 operum
819 2524 928 2604 partes
936 2564 944 2595 ,
973 2537 1055 2603 quae
1084 2512 1164 2581 lucis
1185 2512 1352 2596 bonorem,

341 2643 370 2683 oo
383 2624 475 2709 Quae
497 2626 615 2690 tamam
639 2633 830 2704 assererent,
852 2647 934 2713 quae
956 2647 1121 2714 nunquam
1142 2624 1228 2691 fessa
1249 2623 1410 2709 volarent,

380 2734 482 2819 Quae,
506 2736 596 2824 quasi
618 2759 676 2825 per
697 2734 836 2801 mediam
858 2734 971 2802 mundi
991 2735 1178 2825 praecordia
1199 2745 1324 2824 partem

378 2843 543 2935 Disposita
566 2845 744 2927 obtineant,
771 2842 940 2911 Phoebum
962 2842 1152 2936 Lunamque
1183 2869 1348 2937 vagasque

379 2952 421 3020 Et
442 2957 574 3021 vincunt
594 2954 704 3022 stellas
726 2978 787 3049 nec
809 2977 874 3021 non
896 2956 1069 3022 vincuntur
1091 2957 1224 3046 etipsa,

380 3065 437 3131 His
461 3068 603 3155 regimen
624 3074 739 3131 natura
762 3065 849 3131 dedit
869 3066 1079 3155 propriasque
1106 3066 1246 3133 sacravit

340 3193 368 3233 ⁶⁵
381 3176 560 3266 Unicuique
583 3176 685 3258 vices,
713 3178 883 3266 sanxitque
910 3198 970 3265 per
992 3178 1098 3243 omnia
1120 3199 1255 3259 summa,

380 3287 529 3377 Undique
551 3287 597 3354 uti
619 3287 674 3352 fati
696 3286 775 3352 ratio
797 3284 977 3354 traheretur
998 3286 1030 3353 in
1053 3309 1163 3354 unum.

380 3396 465 3465 Nam
488 3396 701 3488 quodcunque
723 3420 825 3497 genus
848 3419 965 3478 rerum,
988 3397 1202 3490 quodcunque
1223 3397 1379 3483 laborum,

313 3664 348 3723 A.
370 3684 395 3724 r.
409 3664 451 3799 bb
465 3665 604 3799 minisstpet
692 3684 718 3722 v.
733 3664 770 3724 45
792 3664 842 3723 det
926 3683 952 3723 r.
967 3668 1005 3725 53
1025 3667 1192 3725 alterutrum
1279 3686 1305 3726 v.
1320 3670 1357 3725 63
1377 3667 1520 3727 Evincunt

373 3762 400 3800 r.
471 3761 581 3799 near

315 3871 348 3929 S.
376 3875 453 3929 nos
472 3872 664 3927 Evincant-
684 3871 832 3953 vincantur
908 3890 934 3928 v.
949 3872 985 3930 65
1007 3890 1144 3929 summam
1223 3890 1248 3929 r.
1263 3875 1300 3929 66
1321 3891 1405 3929 unam

313 3997 352 4057 Β.
372 4018 399 4055 r.
414 3999 452 4057 44
474 4000 612 4057 ministret
698 4018 725 4055 v.
739 3997 776 4057 45
798 4000 847 4056 det
932 4019 957 4056 v.
973 4003 1009 4059 55
1032 4007 1148 4059 aeterno
1225 4019 1251 4057 v.
1266 4004 1303 4059 63
1321 4000 1463 4057 Erinoant
1480 4031 1519 4049 „-

373 4077 520 4133 vincantur
595 4096 622 4133 v.
637 4079 673 4134 65
694 4095 831 4133 summam
908 4096 934 4134 v.
948 4080 984 4134 66
1006 4096 1090 4133 unam

315 4205 354 4263 V.
374 4224 400 4262 r.
412 4205 451 4263 44
470 4209 613 4263 ministrat
633 4224 742 4263 omnes.
840 4223 865 4261 v.
879 4205 916 4263 45
939 4204 989 4262 dut
1008 4206 1044 4262 V.
1055 4209 1082 4262 2.
1101 4215 1167 4265 cett.
1180 4206 1233 4264 dot.
1259 4208 1428 4266 Ceterorum
1447 4206 1518 4263 scri-

372 4291 486 4361 ptorum
508 4302 576 4339 sane
596 4283 621 4339 is
642 4302 704 4339 snos
724 4290 777 4350 est,
794 4290 824 4337 ut
843 4282 940 4338 futuro
961 4291 1071 4350 exacto,
1092 4284 1116 4338 si
1135 4284 1260 4352 futurum
1279 4284 1379 4351 nolint,
1399 4284 1518 4341 coniun-

373 4360 476 4415 ctimm
497 4360 606 4416 addant
624 4362 794 4436 praesentis.
833 4358 896 4416 Sed
915 4378 983 4415 suus
1005 4360 1090 4417 etiam
1110 4360 1138 4416 in
1158 4361 1202 4418 bis
1222 4363 1307 4419 rebus
1326 4361 1405 4418 Man.
1426 4369 1479 4419 est.

374 4455 400 4492 r.
415 4436 453 4493 54
473 4442 623 4512 piatque-ntis
635 4438 671 4493 V.
682 4441 711 4494 2.
723 4438 758 4493 L.
783 4436 850 4511 (sed
869 4434 916 4491 hic
936 4454 953 4492 a
973 4455 1045 4492 corr.
1066 4432 1103 4504 a.)
1181 4456 1208 4493 r.
1223 4441 1260 4497 63
1282 4440 1425 4496 Eoiacuat
1441 4438 1478 4496 V.
1490 4443 1518 4496 2.

374 4516 412 4570 Et
430 4517 543 4571 otamnt
563 4515 659 4571 ceteri.
681 4532 698 4569 a
718 4533 757 4570 vs.
773 4519 807 4571 61
830 4521 930 4590 aperte
952 4520 1093 4570 structura
1112 4532 1186 4571 nova
1205 4516 1317 4593 incipit:
1338 4516 1420 4573 Haec
1437 4518 1519 4592 quasi

373 4593 588 4658 -obtineant,
619 4600 648 4647 et
667 4591 782 4647 vincunt
807 4599 835 4647 ct
856 4588 1013 4646 vincuntur.
1131 4609 1155 4647 v.
1170 4594 1207 4650 65
1226 4610 1275 4669 per
1294 4595 1389 4651 omniu
1407 4610 1519 4650 summu

373 4671 473 4801 ssonqtt
493 4688 591 4728 omnes
611 4675 701 4726 recte.
798 4685 824 4723 v.
841 4670 879 4723 66
899 4673 933 4725 ut
956 4667 1015 4742 (vel
1034 4663 1089 4741 uti)
1109 4666 1202 4741 satam
1222 4688 1330 4728 omnes.
1352 4688 1459 4728 corne
1481 4669 1519 4727 G.

400 4762 434 4801 ca
447 4784 454 4802 .
