3700 5609
376 615 457 661 xvm

376 767 532 831 micarum
554 783 619 828 non
641 761 869 852 peritissimum
898 769 1027 850 poetam
1050 761 1108 825 viri
1132 758 1199 823 eins
1222 756 1297 823 artis
1326 754 1500 845 prudentes
1522 750 1583 819 du-

377 892 454 958 dum
474 890 651 958 iudicarint.
694 888 780 957 Nam
802 889 830 953 si
851 887 981 978 linguae
1002 884 1127 975 legibus
1155 906 1228 951 eum
1256 906 1353 973 saepe
1384 884 1449 947 vim
1474 881 1583 971 ipsum

377 1020 490 1084 alleme
516 1016 677 1098 videmus,
705 1016 733 1081 si
762 1014 856 1104 rebus
887 1023 1049 1080 errantem
1077 1010 1215 1079 eundem
1246 1011 1299 1077 alii
1321 1015 1585 1087 commonstrant,

377 1147 405 1211 si
426 1154 513 1210 tanta
534 1151 704 1234 praeterea
726 1152 776 1208 est
798 1142 951 1207 orationis
976 1139 1200 1229 inaequalitas,
1224 1148 1261 1205 ut
1287 1136 1383 1204 modo
1405 1134 1506 1201 libero
1523 1154 1584 1199 vo-

376 1270 444 1338 latu
467 1294 539 1337 sese
562 1272 682 1350 ellerat,
703 1268 800 1335 modo
822 1268 956 1335 licenter
977 1265 1083 1332 verbis
1106 1265 1256 1346 abundet,
1278 1283 1317 1329 ac
1337 1285 1402 1329 non
1425 1260 1501 1352 qnid
1526 1282 1585 1325 ve-

377 1399 413 1465 lit
436 1398 552 1477 dicere,
565 1395 624 1461 sed
639 1417 702 1485 quo
727 1393 908 1485 abripiatur,
931 1391 1012 1479 trahi
1032 1392 1189 1475 videatur,
1212 1389 1307 1457 modo
1334 1388 1511 1455 aridissima
1532 1408 1588 1451 re·

377 1548 450 1593 rum
470 1523 635 1591 ieiunitate
655 1544 715 1612 per
735 1520 847 1616 inanes
871 1522 946 1586 artis
975 1541 1127 1586 numeros
1154 1527 1309 1607 evagatus
1335 1538 1395 1582 nos
1423 1515 1586 1602 defatiget,
1622 1595 1625 1599 Ι

377 1652 474 1719 modo
500 1647 687 1738 constipatis
715 1647 894 1714 fabularum
922 1647 1111 1735 aenigmatis
1138 1644 1195 1711 vix
1231 1668 1274 1710 ex
1304 1644 1384 1708 miro
1412 1640 1587 1707 verborum

377 1776 545 1845 involucro
567 1773 774 1841 enucleandis
798 1796 857 1840 nos
880 1781 1049 1853 exerceat3
1071 1773 1142 1862 quis
1164 1778 1273 1839 tantae
1290 1768 1501 1836 confidentiae
1513 1789 1587 1833 esse

378 1905 496 1997 possit,
522 1903 568 1968 uti
596 1900 728 1990 singulis
757 1900 937 1991 quibusque
965 1897 1044 1966 loeis
1071 1895 1134 1963 boc
1163 1920 1180 1963 a
1206 1906 1304 1988 poeta
1333 1919 1403 1962 esse
1435 1904 1594 1996 erratum,

379 2032 443 2099 boe
462 2001 482 2096 a
502 2010 637 2095 librariis
658 2036 830 2115 peccatum
857 2036 1010 2117 tanquam
1038 2026 1079 2091 de
1106 2024 1231 2115 tripode
1260 2023 1456 2112 respondere
1484 2018 1587 2087 velit?

379 2158 492 2249 ltaque
518 2153 586 2221 aliis
612 2153 773 2219 interdum
801 2153 885 2218 insto
914 2153 1054 2220 timidior
1079 2153 1179 2218 luisse
1206 2149 1353 2230 videbor,
1385 2148 1485 2214 veluti
1510 2145 1588 2213 mibi

379 2287 450 2377 ipse
478 2304 566 2349 nunc
591 2279 718 2361 videor,
748 2278 844 2370 quo'd
857 2279 995 2347 Bentleii
1017 2282 1144 2365 Minyae
1164 2277 1206 2358 V,
1226 2276 1270 2341 44
1296 2276 1439 2365 recipere
1466 2276 1588 2343 veritus

381 2434 469 2493 sum3
498 2406 566 2474 aliis
593 2428 672 2472 vero
701 2407 797 2471 etiam
825 2406 993 2498 audacior,
1021 2406 1048 2472 si
1075 2405 1253 2494 desperatis
1282 2402 1402 2493 aliquot
1427 2402 1508 2468 locis
1531 2401 1588 2469 ali-

382 2536 458 2629 quid
480 2546 589 2603 tamen
609 2553 766 2621 reponere
787 2531 895 2614 malui,
919 2555 1016 2622 quam
1037 2530 1239 2621 rebnquerp,
1257 2553 1339 2620 quae
1363 2550 1492 2595 omnem
1513 2551 1590 2595 sen·

382 2684 459 2731 sum
475 2668 673 2749 respuerent.

467 2787 503 2855 ln
526 2808 589 2877 qua
608 2783 750 2850 iudicum
773 2785 1026 2853 dissentientium
1047 2784 1241 2851 verecundia
1264 2807 1304 2850 eo
1324 2807 1378 2850 me
1400 2782 1591 2852 confirmare

384 2907 537 2990 solebam,
560 2910 652 3000 quod-
669 2934 707 2977 ea
729 2912 826 2976 animi
845 2911 1024 3002 vigilantia,
1047 2935 1085 2979 ea
1106 2913 1226 3003 ingenii
1248 2913 1316 2979 acie
1338 2936 1391 2977 me
1412 2933 1507 2977 usum
1529 2934 1591 2977 no·

383 3060 504 3119 veram,
527 3061 609 3128 quae
631 3037 714 3105 ultra
737 3038 886 3105 contendi
909 3062 975 3105 non
997 3050 1139 3130 possent.
1183 3038 1232 3104 Ac
1251 3048 1359 3105 tamen
1383 3060 1591 3129 quum-nuno

316 3255 344 3262 Η
385 3187 424 3230 ea
450 3165 534 3253 typis
563 3186 717 3255 expressa
744 3164 854 3246 video,
886 3167 969 3253 quae
1003 3188 1075 3231 men
1107 3188 1207 3230 manu
1235 3166 1394 3254 descripta
1427 3165 1480 3231 diu
1514 3165 1592 3231 mihi

385 3295 477 3357 sueta
505 3299 537 3357 'et
565 3290 731 3357 familiaria
758 3292 900 3372 lucrant,
926 3311 1078 3358 nonuno
1099 3292 1133 3357 in
1156 3290 1228 3359 loco
1250 3292 1417 3381 insigniter
1435 3311 1489 3358 me
1512 3292 1593 3358 dor·

385 3409 521 3522 mitasse
537 3416 690 3507 intelligo.
739 3417 812 3485 Huc
836 3441 874 3485 ea
895 3440 1046 3499 numero,
1069 3441 1152 3508 quae
1173 3420 1283 3485 notavi
1305 3418 1346 3485 ad
1366 3417 1420 3503 lll,
1444 3420 1521 3500 104,
1543 3420 1592 3485 in-

387 3543 543 3634 ducenda.
585 3544 758 3611 Praeterea
781 3568 800 3611 a
822 3543 981 3626 Bentleio,
1003 3546 1207 3634 quantumvis
1234 3555 1374 3613 arrectas
1402 3569 1508 3612 aures·
1524 3549 1594 3613 eius

388 3668 653 3759 disputationibus
676 3693 884 3761 opponerem,
907 3668 1009 3737 semel
1029 3680 1137 3737 tamen
1158 3673 1191 3738 in
1214 3680 1360 3761 apertum
1380 3695 1523 3742 errorem
1540 3696 1594 3739 mo

388 3797 488 3887 abripi
513 3818 628 3886 passus
656 3809 730 3863 'sum
751 3797 793 3881 ll,
813 3799 911 3865 322.
938 3797 1002 3865 Ubi
1031 3819 1105 3862 cunr
1137 3802 1197 3863 Ter
1221 3793 1382 3885 triginta,
1410 3798 1494 3865 male
1522 3823 1594 3866 cor·

388 3931 480 4012 repta
502 3948 539 4003 a,
569 3925 682 3989 omnes
710 3923 781 3990 libri
807 3925 999 4015 praebeant,
1028 3924 1067 3991 ab
1089 3924 1354 4013 illoNongontos
1376 3927 1595 4015 partesssmale

389 4051 531 4139 accepi·
560 4049 619 4115 Est
648 4059 755 4116 autem
781 4052 808 4117 is
835 4074 948 4118 versus
970 4054 1014 4120 ita
1036 4053 1278 4121 rescribendum
1308 4058 1369 4119 Ter
1391 4060 1512 4141 quadra
1534 4061 1595 4121 tri-

388 4181 485 4261 ginta
507 4189 619 4261 partes
642 4203 702 4263 per
727 4185 835 4245 sidera
857 4184 1012 4259 redderem
1038 4181 1100 4246 nisi
1118 4153 1404 4248 malesatrnmaa.
1449 4182 1595 4266 Quodsi

391 4303 444 4369 cui
465 4302 617 4369 audacius
639 4313 820 4372 correctum
840 4307 1002 4388 videatur,
1027 4309 1054 4373 is
1078 4331 1096 4373 n
1117 4306 1259 4374 librariis·
1273 4307 1371 4398 saepe
1393 4310 1521 4397 gravius
1546 4332 1594 4374 er-

391 4428 455 4494 rari
476 4429 671 4511 meminerit,
684 4485 687 4490 .
701 4432 762 4498 ubi·
777 4455 836 4523 per
855 4443 1007 4500 numeros
1028 4457 1094 4499 non
1106 4433 1339 4524 .plenis.'.literis
1362 4412 1596 4525 exscriptos'irl

391 4576 505 4620 uersus
527 4577 585 4644 pro
608 4566 705 4645 captu
725 4558 951 4647 procudendos
970 4559 1172 4650 illiciuntur.<·
1196 4560 1394 4646 Deinde,·.V,
1408 4564 1463 4643 50,
1480 4561 1534 4627 ubi
1556 4583 1596 4629 ox

392 4680 482 4749 Η.
507 4684 648 4768 Utraque
666 4686 849 4776 rescripsi,'·
862 4686 964 4753 -Viato
978 4688 1330 4775 syracusasanmis,
1355 4712 1443 4756 nunc
1467 4690 1597 4756 demum
