3700 5609
704 593 808 660 Lmen
830 592 851 659 l.
894 618 923 659 v.
949 600 1095 663 ott-67.

379 765 444 850 Qui
467 765 620 831 domuere
643 764 725 830 ieras
748 772 862 852 gentes
885 764 1007 829 oriente
1030 763 1089 830 sub
1110 766 1193 854 ipso,

378 875 468 958 Quas
492 883 582 940 secat
602 871 793 962 Euphrates,
813 873 847 937 in
870 895 950 962 quas
973 881 1005 937 et
1026 871 1119 939 Nilos
1141 871 1284 953 inundat,

339 1003 366 1041 4⁵
381 985 454 1068 Qua
476 983 614 1048 mundus
636 982 718 1048 redit
739 992 773 1047 et
793 984 900 1071 nigras
921 1004 1020 1071 super
1042 981 1150 1049 evolat
1171 981 1276 1048 urbes.

378 1093 472 1161 Tunc
495 1092 548 1182 qui
570 1090 690 1180 templa
711 1091 811 1156 sacris
839 1090 1008 1172 coluerunt
1035 1113 1131 1158 ornne
1153 1114 1211 1181 per
1232 1112 1359 1169 aevum,

377 1201 569 1291 Deleetique
592 1198 778 1267 sacerdotes
799 1201 832 1265 in
854 1199 981 1289 publica
1003 1210 1080 1265 vota

379 1309 493 1376 Officio
515 1310 650 1375 vinxere
673 1309 777 1389 deum,
800 1308 915 1398 quibus
937 1310 1007 1398 ipsa
1028 1310 1167 1398 potentis

377 1419 528 1486 Numinis
550 1417 697 1483 accendit
719 1428 841 1484 castam
862 1420 1044 1507 praesentia
1066 1428 1217 1500 mentem,

339 1547 367 1585 ⁵⁰
379 1526 479 1618 Inque
503 1528 598 1593 deum
622 1527 700 1592 deus
722 1529 791 1617 ipse
813 1528 885 1593 tulit
906 1528 1070 1617 patuitque
1093 1529 1254 1602 ministris,

377 1637 422 1703 Hi
444 1646 566 1702 tantum
594 1659 726 1702 movere
753 1639 867 1717 decus,
895 1637 1053 1727 primique
1080 1660 1139 1728 per
1166 1647 1267 1704 artem

380 1746 545 1814 Sideribus
567 1745 676 1812 videre
698 1749 790 1837 vagis
811 1747 985 1836 pendentia
1007 1748 1080 1813 iata.

380 1855 516 1945 Singula
538 1877 614 1919 nam
636 1856 765 1943 proprio
786 1856 954 1943 signarunt
976 1865 1122 1944 tempora
1146 1878 1234 1936 casu,

377 1964 494 2053 Longa
516 1988 574 2053 per
596 1965 740 2029 assiduas
763 1963 926 2052 complexi
947 1964 1057 2030 sectda
1080 1988 1188 2031 curas:

341 2094 367 2132 ⁵⁵
381 2074 546 2141 Nasecndi
569 2097 652 2164 quae
675 2072 790 2161 cuique
813 2072 891 2153 dies,
915 2096 997 2163 quae
1018 2075 1086 2139 vita
1106 2075 1227 2153 luisset,
1256 2121 1260 2128 -

377 2180 414 2247 ln
438 2206 518 2272 quas
539 2185 686 2249 [ortunae
709 2181 799 2270 leges
821 2204 969 2272 quaeque
992 2180 1070 2247 hora
1093 2183 1224 2264 valeret,

381 2292 576 2382 Quantaque
599 2315 695 2381 quam
717 2292 809 2380 parvi
830 2292 975 2358 facerent
990 2292 1174 2359 discrimina
1196 2301 1311 2358 motus.

379 2400 558 2490 Postquam
580 2401 684 2466 omnis
707 2399 789 2466 caeli
809 2401 937 2488 species
957 2400 1163 2467 redeuntibus
1186 2399 1280 2466 astris

380 2510 561 2600 Praecepta
582 2511 614 2574 in
637 2510 782 2599 proprias
804 2512 908 2591 sedes,
932 2519 964 2574 et
985 2509 1108 2576 reddita
1130 2509 1228 2576 certis

343 2618 535 2684 wFatorum
558 2619 721 2685 ordinibus
742 2641 801 2684 sua
823 2619 939 2708 cuique
961 2619 1104 2708 potentia
1126 2620 1267 2699 formam

380 2728 445 2793 Per
466 2728 573 2794 varios
595 2751 672 2793 usus
695 2738 796 2793 artem
819 2728 1017 2817 experientia
1039 2729 1124 2809 fecit,

381 2836 541 2926 Exemplo
565 2846 764 2903 monstrante
785 2838 881 2918 viam,
904 2837 1137 2926 speculataque
1155 2837 1254 2925 longe

383 2946 585 3035 Depracndit
607 2946 710 3012 tacitis
733 2945 930 3011 dominantia
951 2946 1077 3035 legibus
1101 2955 1195 3025 astra,
1283 2963 1285 2968 '

382 3057 425 3121 Et
448 3066 550 3121 totum
573 3064 703 3121 aeterua
725 3055 838 3119 mundi
859 3056 983 3120 ratione
1007 3056 1132 3120 moveri
1232 3103 1235 3108 .

345 3164 602 3253 oiFatorumque
625 3165 713 3229 vices
737 3165 832 3229 certis
855 3163 1038 3229 discerncre
1061 3163 1168 3252 signis.

383 3275 470 3342 Nam
492 3274 580 3339 rudis
602 3283 676 3339 ante
698 3272 770 3338 illes
791 3273 880 3339 nullo
909 3273 1092 3338 discrimme
1114 3273 1180 3337 vita

384 3382 420 3449 ln
442 3384 584 3472 speciem
599 3376 766 3450 'conversa
789 3383 923 3471 operum
944 3381 1069 3447 ratione
1092 3382 1231 3464 carebat,

317 3586 352 3639 A.
380 3602 405 3638 r.
419 3582 457 3639 43
480 3582 564 3649 Quae
668 3600 692 3636 v.
706 3580 745 3638 44
764 3579 840 3636 serat
859 3556 896 3619 '-
916 3578 1003 3635 Nilus
1101 3598 1127 3636 v
1141 3581 1179 3637 46
1200 3563 1278 3637 Tum
1362 3599 1387 3637 v.
1402 3582 1440 3640 48
1460 3582 1524 3637 iun·

378 3679 447 3716 xere
468 3653 553 3715 detim
633 3678 657 3713 v.
670 3660 717 3714 51.
738 3676 842 3712 novere
921 3658 1009 3713 abb.
1029 3656 1172 3733 Percepta
1249 3676 1274 3713 v.
1289 3658 1335 3715 64.
1357 3657 1468 3714 alterna
1486 3676 1524 3713 nr.

320 3785 352 3842 S.
381 3804 405 3840 v.
420 3784 457 3840 46
477 3785 553 3839 Tum
574 3788 657 3860 (triac
676 3802 774 3841 omnes
794 3779 882 3856 libri.)
983 3786 1058 3846 v.59
1078 3782 1239 3860 Percepta-
1319 3799 1342 3840 v.
1358 3782 1395 3840 64
1415 3782 1525 3840 alterna

376 3860 513 3916 mnndum
591 3880 615 3916 v.
630 3863 677 3917 65.
699 3858 858 3916 discurrere

318 3987 356 4045 Β.
383 4004 409 4043 r.
424 3978 461 4044 44
481 3985 598 4053 inducit,
618 3969 807 4064 nt'spurium.
905 4005 930 4043 v.
945 3986 982 4044 46
1003 3987 1080 4041 Tum
1176 4004 1202 4042 t.
1217 3988 1254 4043 55
1273 3986 1412 4041 Nascenti

366 4063 406 4120 'r.
420 4066 458 4121 59
477 4062 631 4142 Descripta
707 4081 732 4121 r.
748 4063 785 4119 64
806 4063 916 4121 alterna
935 4062 1071 4143 mundum
1149 4081 1174 4119 r.
1190 4065 1227 4120 65
1248 4061 1409 4119 discurrere

320 4190 357 4247 V.
383 4188 463 4247 add
485 4165 569 4260 Quae·
582 4189 619 4247 V.
641 4195 655 4248 1
678 4198 707 4247 et
726 4195 753 4247 2.
776 4190 811 4246 C.
913 4208 940 4244 v.
955 4188 993 4246 44
1018 4190 1105 4249 Nilos
1125 4191 1161 4245 V.
1180 4194 1198 4246 2
1218 4197 1276 4246 tam
1297 4190 1327 4244 in
1346 4206 1430 4244 versu
1450 4187 1526 4266 ipso,

379 4284 466 4341 qoam
485 4268 515 4321 in
533 4268 671 4341 margine.
749 4285 774 4321 v.
789 4270 826 4326 59
846 4273 996 4340 ptmeceptu
1017 4267 1036 4323 i.
1052 4286 1078 4323 e.
1099 4276 1165 4324 ante
1186 4264 1329 4341 capienda
1347 4273 1409 4321 crat
1428 4282 1525 4322 exem·

378 4343 492 4420 plorum
512 4343 567 4410 ris,
593 4361 678 4417 quam
703 4342 742 4399 ad
767 4353 856 4398 artem
881 4342 1033 4399 veniretur.
1080 4343 1193 4400 Novum
1218 4349 1277 4407 est,
1302 4341 1375 4400 caeli
1401 4343 1528 4419 speciem

377 4418 549 4496 praecipere
570 4422 600 4475 in
619 4418 706 4475 sedes.
748 4419 809 4475 Sed
828 4418 901 4474 haec
919 4426 949 4474 et
969 4419 1072 4476 similia
1092 4436 1181 4495 saepe
1201 4418 1230 4473 in
1240 4417 1357 4474 Manilio
1369 4415 1527 4485 offendunt,

378 4514 435 4551 nee
455 4493 624 4569 corrigendo
645 4495 796 4552 eximenda
816 4504 890 4550 sunt.
984 4510 1010 4551 v.
1025 4496 1063 4554 64
1082 4495 1194 4552 alterno
1213 4512 1326 4565 omnes3
1351 4501 1430 4553 recte
1448 4493 1527 4552 Scal.

380 4577 501 4627 aeterno
520 4571 651 4628 coniecit.
672 4581 716 4628 ter
736 4570 857 4628 eandem
878 4571 947 4627 artis
974 4571 1089 4629 laudem
1109 4570 1226 4648 repetit:
1254 4571 1361 4627 Totum
1382 4561 1430 4643 (td
1452 4564 1526 4639 πᾶν)

378 4647 468 4722 signis
490 4648 585 4714 certis,
604 4649 714 4705 ratione
733 4646 832 4705 mundi
853 4655 979 4715 aeterna,
997 4647 1108 4723 legibus
1128 4646 1222 4704 tacitis
1243 4648 1359 4722 regitur.
1403 4646 1463 4703 Eas
1483 4646 1526 4701 le-

379 4742 431 4798 ges
452 4723 630 4800 experientia
650 4723 813 4782 diseernere
834 4722 1034 4799 deprehendit,
1055 4741 1107 4781 seu
1128 4722 1239 4780 didicit.
1260 4723 1299 4779 es.
1319 4722 1341 4790 1,
1361 4724 1426 4781 506.

1242 4822 1285 4883 ,.
