3700 5609
682 614 787 681 Lrenn
809 613 831 680 1.
876 639 905 679 ν.
932 623 1120 679 173-«192.

377 789 507 873 Quodni
529 785 641 852 librato
664 782 820 874 penderet
840 783 985 872 pondere
1007 780 1111 864 telluS,

376 898 453 965 Non
476 904 586 986 ageret
608 917 731 976 cursus,
754 893 863 959 mundi
883 890 1091 959 subeuntibus
1115 893 1217 971 astris,

326 1028 366 1067 17⁵
379 1001 531 1075 Phoebus
555 1004 595 1071 ad
618 1026 785 1085 occasum,
808 1013 842 1070 et
863 1024 1027 1091 nunquam
1049 1009 1209 1066 remearet
1229 1001 1269 1065 ad
1292 1010 1390 1080 ortus,

378 1117 513 1184 Lunave
535 1114 719 1182 submersos
741 1123 868 1202 regeret
887 1135 946 1201 per
968 1112 1073 1177 inania
1096 1133 1219 1191 cursus,

378 1226 451 1295 Nec
472 1226 632 1291 matutinis
652 1222 790 1312 fulgeret
810 1219 940 1287 Lucifer
961 1220 1055 1300 horis,

378 1336 544 1426 Hesperos
564 1337 715 1401 immerso
738 1331 870 1397 dederat
890 1332 944 1420 qui
964 1329 1074 1396 lumen
1097 1328 1245 1418 Olympo.

381 1447 480 1515 Nunc
502 1446 663 1535 quianon
685 1444 750 1507 ime
773 1441 867 1507 tellus
891 1441 1015 1506 deiecta
1035 1438 1205 1530 profunde,

328 1573 370 1613 18⁰
383 1554 450 1622 Sed
473 1554 578 1619 medio
603 1574 757 1640 suspensa
780 1559 897 1632 manet,
921 1558 994 1615 sunt
1014 1551 1124 1638 pervia
1148 1558 1272 1630 cuncta,

381 1665 457 1748 Qua
478 1663 573 1729 eadat
596 1672 627 1728 et
649 1660 762 1727 subeat
789 1659 915 1727 caelum
945 1682 1120 1748 rursusque
1150 1669 1305 1749 resurgat.

379 1774 466 1841 Nam
488 1796 594 1862 neque
615 1771 762 1837 fortuitos
781 1779 869 1836 onus
888 1769 1092 1859 surgentibus
1116 1770 1217 1850 astris,

378 1884 451 1952 Nec
469 1884 585 1950 totiens
606 1904 740 1971 possum
761 1888 946 1945 nascentem
970 1877 1102 1972 credere
1125 1878 1289 1958 mundum,

381 1991 509 2058 Solisve
531 1991 676 2057 assiduos
698 1999 808 2078 partus
830 1998 862 2055 et
883 1990 947 2054 sata
970 1988 1097 2068 diuma;

329 2120 369 2161 rea
384 2101 469 2167 Cum
491 2103 587 2168 iacies
610 2100 723 2167 eadem
743 2100 842 2187 signis
864 2122 922 2187 per
945 2095 1074 2164 saecula
1095 2106 1230 2179 constet,

380 2208 470 2276 Idem
485 2210 636 2277 Phoebus
659 2218 711 2274 eat
733 2206 813 2274 caeli
836 2208 875 2273 de
897 2207 1040 2297 partibus
1061 2207 1174 2287 isdem,

383 2318 541 2411 Lunaque
564 2342 622 2408 per
643 2318 776 2384 totidem
798 2316 887 2384 luces
908 2326 1052 2383 mutetur
1073 2326 1105 2382 et
1128 2316 1230 2396 orbes,
1299 2305 1310 2326 '

384 2429 426 2495 Et
446 2440 560 2496 natura
579 2430 648 2494 vias
671 2435 787 2507 servet,
809 2450 888 2516 quas
911 2428 1032 2494 [ecerat
1048 2428 1127 2516 ipsa,

383 2540 456 2607 Nec
476 2539 622 2605 tirocinio
655 2546 783 2628 peccet,
812 2538 996 2627 circumque
1023 2537 1144 2602 feratur

334 2648 527 2715 thetema
550 2672 625 2715 cum
646 2646 719 2714 luce
743 2647 819 2726 dies,
842 2648 897 2737 qui
916 2655 1063 2737 tempora
1084 2656 1241 2712 monstrat

383 2758 480 2826 Nune
501 2755 550 2823 his
571 2780 657 2824 nunc
678 2757 739 2822 illis
761 2757 875 2822 eadem
896 2757 1079 2846 regionibus
1102 2758 1198 2839 orbis,

385 2868 523 2957 Semper
545 2876 578 2933 et
596 2867 728 2933 ulterior
747 2866 937 2932 vadentibus
961 2874 1048 2931 ortus
1071 2865 1111 2931 ad
1132 2877 1248 2949 ortum,

319 3188 575 3245 111731131-
613 3190 706 3244 atra
726 3186 875 3317 Hesperus
934 3187 1028 3241 v.181
1052 3182 1089 3250 Q.
1101 3182 1226 3253 caderet,
1240 3187 1301 3241 sub.
1343 3189 1526 3247 v.1811acta

380 3268 476 3321 v.190
498 3263 575 3339 quod
653 3281 678 3319 r.
694 3267 750 3321 192
770 3262 887 3319 uterius
908 3293 946 3301 -
966 3259 1003 3318 ad
1025 3270 1102 3316 ortus

320 3425 354 3484 S.
383 3442 408 3480 v.
425 3428 480 3482 173
499 3424 553 3480 nisi
630 3440 656 3477 r.
672 3426 724 3479 181
749 3439 805 3497 qua
826 3420 952 3488 caderet,
973 3424 1074 3479 subeat
1093 3432 1122 3479 et
1142 3424 1264 3479 collocat
1284 3433 1351 3502 post
1371 3444 1411 3482 vs.
1430 3430 1495 3485 185.

381 3519 408 3557 v.
423 3503 480 3560 190
500 3498 578 3576 quod
597 3530 635 3539 —
654 3505 814 3555 monstrant
910 3516 935 3552 v.
951 3502 1007 3557 192
1034 3498 1150 3555 ulterius

321 3661 358 3718 B.
387 3678 412 3717 r.
428 3664 484 3718 173
503 3662 558 3717 nisi
646 3658 862 3717 v.17·1currus
941 3676 966 3715 v.
982 3661 1036 3717 175
1058 3663 1094 3716 ab
1115 3680 1219 3718 occasu
1289 3681 1315 3720 v.
1331 3667 1386 3721 176
1406 3664 1525 3726 induxit.

380 3755 407 3793 v.
422 3740 478 3795 178
497 3756 613 3794 emenso
1034 3760 1037 3763 ·

323 3897 361 3956 V.
382 3915 409 3953 v.
425 3900 481 3956 173
501 3902 531 3956 ni
550 3915 700 3954 omnes-
713 3900 841 3953 tamense
856 3897 890 3953 L.
912 3898 1045 3954 iruniensis
1058 3898 1094 3954 G.
1108 3899 1146 3955 V.
1161 3904 1187 3956 1.
1208 3901 1299 3957 inritae
1313 3899 1349 3956 V.
1363 3905 1390 3957 2.
1412 3901 1527 3959 immer-

381 3992 432 4030 sus
452 3972 595 4106 Olyrqpus
614 3982 668 4042 est,
689 3974 756 4050 quia
775 3973 842 4028 dum
862 3973 914 4030 Sol
934 3974 1010 4029 infra
1029 3993 1081 4031 nos
1100 3995 1155 4053 per
1173 3977 1269 4033 inania
1293 3986 1447 4045 commeat,
1475 3982 1527 4036 ob-

383 4052 491 4107 scurati
510 4068 528 4107 a
568 4049 600 4106 id
618 4050 744 4127 Hesperi
763 4048 836 4105 radii
856 4050 977 4124 fulgent.
997 4069 1128 4126 mergere
1141 4061 1170 4109 et
1183 4053 1343 4131 composita
1352 4063 1429 4109 amat
1440 4055 1528 4125 Man,

383 4125 439 4185 sed
458 4144 548 4204 saepe
567 4126 677 4182 librarii
696 4126 829 4202 eripiunt,
850 4125 888 4181 ef.
908 4126 1011 4195 1,830;
1034 4127 1065 4194 11,
1076 4128 1128 4198 46;
1147 4128 1194 4196 111,
1204 4134 1270 4188 205.
1357 4149 1382 4185 r.
1394 4134 1447 4189 181
1471 4150 1530 4207 qua

384 4200 506 4272 cuderet,
525 4201 628 4259 subeat
648 4223 756 4261 ornnes.
787 4203 911 4259 correxit
931 4222 995 4258 eum
1015 4203 1079 4260 aliis
1098 4205 1193 4262 Bentl.
1232 4207 1295 4280 Ego
1315 4214 1372 4261 tam
1393 4210 1528 4285 supposi-

383 4289 445 4335 tum
464 4287 543 4357 puto,
564 4297 650 4354 quam
668 4280 703 4348 11,
723 4282 792 4336 650:
821 4282 922 4335 Distat
942 4282 1029 4346 enim,
1056 4287 1192 4355 carpetrae
1211 4282 1304 4339 eadem
1323 4281 1459 4341 sribamne
1479 4305 1530 4343 cu·

383 4354 480 4413 datae.
521 4356 708 4429 Corrigebam
733 4356 814 4411 olim:
842 4356 907 4426 Qua
926 4355 1018 4412 latera
1037 4363 1063 4412 et
1081 4357 1185 4414 subeat.
1225 4360 1332 4415 Latera
1350 4360 1449 4417 mundi
1468 4362 1529 4420 fre-

383 4433 504 4507 quentia
523 4441 590 4488 sunt
609 4450 656 4508 ap.
677 4433 755 4489 Man.
777 4441 900 4508 —post
920 4452 961 4490 vs.
983 4437 1038 4490 186
1058 4434 1220 4491 inseruntur
1241 4455 1280 4493 vs.
1302 4441 1482 4504 69691112
1502 4441 1530 4495 in

383 4510 421 4565 V.
431 4512 492 4577 1,2.
505 4508 540 4565 C.
550 4507 695 4583 iidemque
706 4511 735 4565 in
747 4526 836 4583 marg.
848 4510 882 4565 L.
899 4509 1047 4586 adscripti,
1059 4509 1111 4569 sed
1125 4513 1200 4567 erasi
1219 4526 1293 4570 sunt.
1354 4532 1377 4569 v.
1390 4520 1445 4572 1110
1459 4515 1532 4590 quod

383 4618 422 4628 -
443 4590 602 4643 monstrant
621 4585 655 4640 L.
678 4587 715 4642 G.
738 4586 772 4641 C.
800 4588 902 4659 qut-
921 4594 1081 4645 arurastraat
1100 4587 1136 4642 V.
1152 4592 1216 4657 1,2.
1239 4610 1311 4647 corr.
1333 4590 1428 4646 Bentl.

384 4682 410 4719 v.
426 4666 483 4721 192
503 4661 541 4720 ad
563 4666 645 4718 ortus
665 4681 773 4727 ornnes,
794 4660 846 4718 sed
867 4668 893 4717 et
913 4670 965 4721 ort.
988 4664 1024 4719 V.
1037 4670 1063 4720 2.
