3700 5609
692 565 804 636 «Lissa
824 564 846 636 l.
890 593 923 637 v.
945 561 1137 636 raa-tna.

392 739 506 825 Qualis
531 740 578 807 ad
593 741 760 830 expositae
781 741 881 805 iatum
904 738 1090 829 Cepheidos
1109 739 1202 805 undu

390 849 525 941 Expulit
545 850 719 922 adveniens
741 849 823 915 ultra
845 872 903 914 sua
926 847 1021 915 litora
1041 859 1186 939 pontum.

390 960 476 1026 Tum
497 960 614 1027 Notius
635 960 738 1027 Piscis
760 961 848 1025 venti
869 962 909 1025 de
932 960 1062 1026 nomine
1085 959 1187 1025 dictus

390 1066 547 1157 Exsurgit
567 1069 607 1135 de
629 1080 720 1158 parte
740 1072 824 1151 noti3
847 1072 898 1137 cui
921 1078 1036 1137 cuncta
1057 1069 1201 1134 lenmtur

336 1177 493 1245 qulexa
513 1201 572 1268 per
592 1180 737 1267 ingentes
758 1179 922 1246 stellarum
945 1179 1074 1245 flumina
1098 1200 1204 1267 gyros.

388 1286 531 1355 Ulterius
555 1290 651 1379 capiti
672 1290 837 1377 coniungit
858 1290 1016 1379 Aquarius
1039 1289 1141 1355 undas

388 1399 511 1481 Amnis,
534 1400 618 1465 etin
640 1399 783 1465 medium
805 1410 924 1465 coeunt
947 1409 979 1465 et
1001 1400 1105 1466 sidera
1127 1400 1271 1464 miscent
1341 1428 1344 1435 ·

453 1506 523 1590 His,
544 1510 627 1573 inter
648 1508 789 1598 solisque
812 1510 880 1574 vias
902 1507 1083 1599 Arctosque
1102 1507 1240 1588 latentis,

387 1618 495 1683 Axem
518 1640 601 1708 quae
623 1619 733 1684 usundi
754 1618 942 1685 stridentem
965 1618 1107 1709 pondere
1130 1625 1287 1708 torquent

337 1740 378 1782 4⁴⁶
393 1725 480 1793 Orbe
501 1728 671 1817 peregrino
693 1728 821 1795 caelum
843 1730 1024 1820 depingitur
1046 1731 1148 1811 astris,

389 1834 484 1920 Quae
505 1838 594 1906 notia
614 1839 737 1928 antiqui
762 1838 914 1906 dixerunt
941 1841 1045 1906 sidem
1067 1850 1166 1905 vates.

388 1944 520 2029 Ultima,
544 1965 631 2038 quae·
646 1947 767 2015 mundo
791 1971 921 2039 semper
941 1947 1116 2015 volvuntur
1137 1952 1169 2015 in
1191 1951 1265 2030 imo,

391 2056 485 2141 (Quis
505 2058 614 2124 innixa
636 2068 767 2126 manent
788 2059 870 2125 caeli
890 2058 1044 2148 fulgentia
1065 2058 1185 2149 templa
1242 2115 1245 2119 .
1309 2099 1313 2109 ·

388 2164 559 2258 Nusquam
579 2168 614 2236 in
634 2178 846 2257 conspectum
867 2170 1055 2253 redeuntia)
1079 2169 1207 2237 cardine
1230 2156 1324 2236 verso

336 2293 378 2332 ⁴⁵⁰
391 2274 543 2344 Sublimis
565 2280 708 2368 speciem
729 2280 840 2347 mundi
860 2268 1035 2369 similisque
1056 2279 1175 2369 figuras

388 2386 556 2453 Astrorum
577 2390 735 2473 referunt3
759 2402 791 2458 et
812 2414 924 2458 versus
946 2388 1102 2455 frontibus
1124 2389 1239 2455 Arctos

388 2494 463 2561 Uno
486 2495 637 2586 distingui
657 2502 779 2568 medias
803 2498 974 2587 claudique
994 2499 1156 2566 Dracone.

390 2602 561 2674 Credimus
584 2609 744 2701 exemplo.
788 2609 944 2695 Quamvis
966 2611 1120 2699 fugientia
1141 2609 1238 2689 visus,
1276 2633 1277 2638 ¹
1332 2632 1335 2636 ’

386 2712 484 2781 Hunc
506 2718 618 2786 orbem
639 2720 722 2786 caeli
743 2720 896 2786 vertentis
918 2718 1024 2785 sidera
1045 2742 1143 2785 cursu

335 2842 375 2881 ⁴⁵⁵
390 2824 531 2893 Cardine
553 2837 619 2894 tam
641 2829 734 2898 simili
755 2830 877 2910 fultum,
901 2851 998 2918 quam
1019 2830 1140 2896 vertice
1161 2829 1304 2918 pingunt.

450 2934 541 3004 Haec
562 2939 660 3028 igitur
680 2961 799 3029 magno
822 2938 942 3005 divisas
963 2936 1093 3005 aethere
1116 2938 1210 3004 sedes
1301 3021 1306 3026 q

322 3182 356 3241 A.
383 3203 411 3241 v.
423 3185 479 3243 441
500 3187 625 3245 Alterius
702 3208 729 3246 v.
743 3189 801 3247 443
820 3190 882 3246 llas
902 3190 977 3245 iuter
1055 3206 1079 3244 v.
1093 3186 1151 3245 444
1170 3195 1285 3264 torquet
1364 3207 1391 3247 v.
1404 3190 1463 3250 447
1481 3193 1527 3249 in·

380 3280 457 3320 nexa
552 3284 578 3322 v.
589 3265 645 3324 449
666 3275 821 3345 conspectu
900 3284 922 3321 v.
938 3265 994 3323 453
1013 3264 1155 3342 fulgentia
1233 3283 1260 3323 v.
1273 3265 1331 3325 455
1350 3269 1443 3345 pingit

322 3388 354 3449 S.
380 3408 409 3449 v.
421 3390 480 3451 439
499 3394 595 3450 iuncta
681 3412 707 3451 v.
721 3394 775 3453 441
796 3393 920 3450 Alterius
940 3394 1042 3473 capitis
1128 3412 1154 3450 r.
1168 3393 1226 3453 447
1244 3395 1348 3456 innexa
1366 3426 1406 3440 -
1424 3396 1508 3471 sigua

365 3486 409 3527 r.
421 3467 480 3527 452
497 3467 631 3527 Dracone
652 3468 803 3529 Credimus
822 3468 969 3547 exemplo:
991 3471 1058 3547 quia
1076 3471 1117 3528 ris
1133 3470 1274 3546 fulgentia
1284 3473 1360 3528 visus
1371 3473 1456 3532 Hunc
1471 3482 1517 3532 etc

382 3562 407 3602 v.
422 3545 479 3604 455
498 3541 588 3622 fingit.
682 3565 708 3601 v.
722 3546 779 3604 456
799 3547 860 3603 Has

311 3671 356 3762 ΙΒ.
378 3691 405 3732 r.
419 3672 476 3733 439
496 3692 554 3749 qua
571 3673 639 3730 fusa
715 3692 741 3730 v.
755 3675 813 3732 452
832 3675 869 3731 ad
889 3675 946 3733 455
966 3673 1032 3730 incl.
1053 3673 1140 3731 delet.

320 3798 358 3858 V.
378 3815 405 3855 v.
419 3800 474 3858 441
502 3802 633 3860 Alterius
659 3804 696 3860 G.
735 3803 879 3871 Ulterius,
904 3803 923 3858 i.
949 3819 976 3859 e.
1000 3803 1091 3876 magis
1117 3800 1155 3857 ad
1179 3807 1320 3868 austrum,
1347 3804 1444 3860 ceteri.

381 3894 407 3933 v·
421 3876 478 3935 443
497 3877 616 3936 latentes
636 3880 670 3937 L.
691 3881 727 3936 V.
741 3884 767 3938 1.
885 3898 910 3936 v.
923 3878 981 3937 447
1001 3881 1107 3935 lnttmo
1126 3877 1161 3933 V.
1176 3880 1202 3933 2.
1229 3877 1364 3935 Fortasse
1384 3896 1460 3936 rere.

381 3970 407 4009 v.
421 3953 479 4012 448
498 3958 601 4013 trueco
621 3976 728 4013 omnes.
750 3975 822 4012 corr.
843 3956 940 4013 Bentl.
959 3952 1033 4028 fula.
1053 3957 1136 4027 stpno
1157 3954 1194 4009 G.
1291 3972 1317 4009 v.
1331 3954 1388 4012 449
1410 3958 1440 4013 tn
1459 3972 1528 4013 eon·

378 4037 477 4105 opertu
498 4032 534 4087 G.
555 4032 592 4088 V.
607 4036 635 4088 2.
664 4033 751 4089 Haud
775 4034 835 4089 scio
862 4051 900 4088 an
923 4049 1000 4088 vere.
1030 4048 1119 4107 saepe
1139 4031 1167 4086 in
1187 4030 1231 4087 his
1251 4032 1364 4087 casibus
1390 4049 1457 4088 suus
1482 4039 1528 4090 est

379 4106 460 4163 Mau.
480 4107 615 4183 idemque
639 4108 732 4165 dicam
758 4109 794 4166 de
818 4126 916 4165 morsu
937 4127 976 4164 vs.
990 4108 1047 4165 435
1066 4108 1104 4163 es.
1125 4126 1150 4165 v.
1164 4111 1231 4166 269.
1328 4126 1354 4164 v.
1368 4107 1426 4167 450
1444 4110 1526 4166 simi-

380 4182 473 4259 lisque
492 4182 529 4240 V.
544 4188 572 4242 2.
620 4202 622 4206 ·
669 4203 695 4243 r.
715 4187 772 4244 453
799 4184 939 4259 fitlpomm
965 4203 1072 4241 omnes.
1173 4202 1199 4241 r.
1217 4185 1273 4244 455
1298 4186 1393 4261 pinpit
1417 4202 1526 4243 ornnes.

381 4268 533 4335 utrumque
554 4281 626 4319 corr.
646 4263 742 4321 Benrl.
771 4262 933 4319 Sententia:
954 4261 1049 4318 Etiam
1062 4262 1239 4319 ¹antarcticos
1259 4280 1341 4318 ursas
1361 4262 1490 4320 similiter
1510 4282 1528 4320 a

380 4335 508 4395 dracone
535 4338 632 4396 vinciri
657 4350 816 4397 nostrarum
843 4338 976 4415 exemplo
1002 4356 1054 4395 seu
1080 4338 1212 4412 analogia
1232 4337 1383 4396 credimus.
1423 4338 1529 4397 Sidera

380 4414 471 4482 subn,
497 4417 625 4489 quamvis
649 4418 725 4473 risus
750 4423 861 4471 nostros
887 4413 1040 4489 fugientia,
1065 4416 1186 4492 pingunt
1210 4422 1306 4473 tamen
1330 4416 1405 4472 bunc
1430 4418 1529 4473 orbem

381 4489 457 4546 caeli
476 4494 611 4549 vertentis
636 4512 719 4551 cursu
746 4491 831 4549 sunili
850 4491 967 4557 fultum,
992 4502 1051 4547 tam
1070 4490 1186 4547 cardine
1207 4508 1293 4566 quam
1312 4493 1427 4549 vertice.
1466 4491 1528 4549 Sed

381 4583 471 4623 oum
493 4568 523 4624 in
550 4570 618 4625 vitio
644 4589 707 4627 esse
733 4578 819 4646 puto;
844 4567 911 4625 sort.
947 4568 1030 4625 cloto
1055 4574 1104 4623 aut
1130 4566 1221 4624 simile
1247 4566 1356 4645 aliquid
1381 4568 1526 4625 coniicias.

377 4641 460 4773 {ota
479 4646 579 4775 organo,
599 4652 631 4701 ut
649 4664 738 4724 saepe
757 4645 839 4711 alias,
857 4663 964 4721 poema
982 4643 1144 4701 inchoatum
1162 4662 1257 4720 neque
1276 4645 1396 4722 politum
1412 4657 1527 4723 praese

392 4736 457 4777 erre
477 4720 504 4777 vi
525 4730 596 4778 etur.
