<?xml version="1.0" encoding="UTF-8"?>
<!DOCTYPE html PUBLIC "-//W3C//DTD XHTML 1.0 Transitional//EN"
    "http://www.w3.org/TR/xhtml1/DTD/xhtml1-transitional.dtd">
<html xmlns="http://www.w3.org/1999/xhtml" xml:lang="en" lang="en">
 <head>
  <title>
</title>
<meta http-equiv="Content-Type" content="text/html;charset=utf-8" />
  <meta name='ocr-system' content='tesseract 3.04.00' />
  <meta name='ocr-capabilities' content='ocr_page ocr_carea ocr_par ocr_line ocrx_word'/>
</head>
<body>
  <div class='ocr_page' id='page_1' title='image "./mmaniliastronom00jacogoog/mmaniliastronom00jacogoog_0107.png"; bbox 0 0 3700 5609; ppageno 0'>
   <div class='ocr_carea' id='block_1_1' title="bbox 688 596 1158 678">
    <p class='ocr_par' dir='ltr' id='par_1_1' title="bbox 688 596 1158 678">
     <span class='ocr_line' id='line_1_1' title="bbox 688 596 1158 678; baseline 0.011 -6"><span class='ocrx_word' id='word_1_1' title='bbox 688 600 794 672; x_wconf 75' lang='lat' dir='ltr'>Linea</span> <span class='ocrx_word' id='word_1_2' title='bbox 815 601 852 673; x_wconf 87' lang='lat' dir='ltr'>ll.</span> <span class='ocrx_word' id='word_1_3' title='bbox 894 596 1158 678; x_wconf 81' lang='lat' dir='ltr'>v.·r17-rer.&#39;</span> 
     </span>
    </p>
   </div>
   <div class='ocr_carea' id='block_1_2' title="bbox 336 775 1381 3074">
    <p class='ocr_par' dir='ltr' id='par_1_2' title="bbox 338 775 1227 1305">
     <span class='ocr_line' id='line_1_2' title="bbox 393 775 1227 869; baseline 0.004 -27"><span class='ocrx_word' id='word_1_4' title='bbox 393 775 512 843; x_wconf 86' lang='lat' dir='ltr'>Cetera</span> <span class='ocrx_word' id='word_1_5' title='bbox 533 797 591 865; x_wconf 92' lang='lat' dir='ltr'>pro</span> <span class='ocrx_word' id='word_1_6' title='bbox 613 796 747 843; x_wconf 91' lang='lat' dir='ltr'>numero</span> <span class='ocrx_word' id='word_1_7' title='bbox 770 775 892 843; x_wconf 88' lang='lat' dir='ltr'>ducunt</span> <span class='ocrx_word' id='word_1_8' title='bbox 913 800 955 843; x_wconf 84' lang='lat' dir='ltr'>ex</span> <span class='ocrx_word' id='word_1_9' title='bbox 977 777 1088 844; x_wconf 86' lang='lat' dir='ltr'>ordine</span> <span class='ocrx_word' id='word_1_10' title='bbox 1109 788 1227 869; x_wconf 87' lang='lat' dir='ltr'>partes,</span> 
     </span>
     <span class='ocr_line' id='line_1_3' title="bbox 389 884 1174 956; baseline 0.004 -3"><span class='ocrx_word' id='word_1_11' title='bbox 389 884 510 953; x_wconf 89' lang='lat' dir='ltr'>Ultima</span> <span class='ocrx_word' id='word_1_12' title='bbox 532 895 565 952; x_wconf 90' lang='lat' dir='ltr'>et</span> <span class='ocrx_word' id='word_1_13' title='bbox 586 887 737 952; x_wconf 81' lang='lat' dir='ltr'><strong>extremis</strong></span> <span class='ocrx_word' id='word_1_14' title='bbox 759 887 839 952; x_wconf 85' lang='lat' dir='ltr'>ratio</span> <span class='ocrx_word' id='word_1_15' title='bbox 863 886 1050 953; x_wconf 79' lang='lat' dir='ltr'>conceditur</span> <span class='ocrx_word' id='word_1_16' title='bbox 1072 890 1174 956; x_wconf 89' lang='lat' dir='ltr'>astris.</span> 
     </span>
     <span class='ocr_line' id='line_1_4' title="bbox 390 994 1197 1089; baseline 0.007 -30"><span class='ocrx_word' id='word_1_17' title='bbox 390 994 525 1083; x_wconf 83' lang='lat' dir='ltr'>Singula</span> <span class='ocrx_word' id='word_1_18' title='bbox 547 997 594 1062; x_wconf 91' lang='lat' dir='ltr'>sic</span> <span class='ocrx_word' id='word_1_19' title='bbox 614 996 753 1062; x_wconf 79' lang='lat' dir='ltr'>retinent</span> <span class='ocrx_word' id='word_1_20' title='bbox 775 994 864 1061; x_wconf 92' lang='lat' dir='ltr'>binas</span> <span class='ocrx_word' id='word_1_21' title='bbox 886 997 917 1060; x_wconf 93' lang='lat' dir='ltr'>in</span> <span class='ocrx_word' id='word_1_22' title='bbox 940 996 1045 1062; x_wconf 85' lang='lat' dir='ltr'>sidere</span> <span class='ocrx_word' id='word_1_23' title='bbox 1068 1021 1197 1089; x_wconf 90' lang='lat' dir='ltr'>quoque</span> 
     </span>
     <span class='ocr_line' id='line_1_5' title="bbox 338 1106 1192 1197; baseline 0.001 -23"><span class='ocrx_word' id='word_1_24' title='bbox 338 1127 380 1167; x_wconf 71' lang='lat'>720</span> <span class='ocrx_word' id='word_1_25' title='bbox 393 1106 615 1197; x_wconf 84' lang='lat' dir='ltr'>Dimidiasque</span> <span class='ocrx_word' id='word_1_26' title='bbox 638 1107 687 1172; x_wconf 91' lang='lat' dir='ltr'>sui</span> <span class='ocrx_word' id='word_1_27' title='bbox 709 1116 816 1195; x_wconf 89' lang='lat' dir='ltr'>partes</span> <span class='ocrx_word' id='word_1_28' title='bbox 840 1114 872 1171; x_wconf 90' lang='lat' dir='ltr'>et</span> <span class='ocrx_word' id='word_1_29' title='bbox 892 1128 1018 1171; x_wconf 92' lang='lat' dir='ltr'>summa</span> <span class='ocrx_word' id='word_1_30' title='bbox 1040 1107 1192 1197; x_wconf 89' lang='lat' dir='ltr'>repletur,</span> 
     </span>
     <span class='ocr_line' id='line_1_6' title="bbox 392 1214 1135 1305; baseline -0.001 -20"><span class='ocrx_word' id='word_1_31' title='bbox 392 1218 541 1285; x_wconf 86' lang='lat' dir='ltr'>Sortibus</span> <span class='ocrx_word' id='word_1_32' title='bbox 564 1218 685 1283; x_wconf 86' lang='lat' dir='ltr'>exactis</span> <span class='ocrx_word' id='word_1_33' title='bbox 708 1216 836 1305; x_wconf 82' lang='lat' dir='ltr'>triginta</span> <span class='ocrx_word' id='word_1_34' title='bbox 859 1214 963 1282; x_wconf 89' lang='lat' dir='ltr'>sidere</span> <span class='ocrx_word' id='word_1_35' title='bbox 984 1217 1016 1280; x_wconf 93' lang='lat' dir='ltr'>in</span> <span class='ocrx_word' id='word_1_36' title='bbox 1040 1221 1135 1284; x_wconf 89' lang='lat' dir='ltr'>omni.</span> 
     </span>
    </p>

    <p class='ocr_par' dir='ltr' id='par_1_3' title="bbox 389 1326 1354 1638">
     <span class='ocr_line' id='line_1_7' title="bbox 453 1326 1354 1421; baseline 0 -25"><span class='ocrx_word' id='word_1_37' title='bbox 453 1329 525 1396; x_wconf 92' lang='lat' dir='ltr'>Nec</span> <span class='ocrx_word' id='word_1_38' title='bbox 548 1348 650 1416; x_wconf 84' lang='lat' dir='ltr'>genus</span> <span class='ocrx_word' id='word_1_39' title='bbox 675 1335 723 1391; x_wconf 91' lang='lat' dir='ltr'>est</span> <span class='ocrx_word' id='word_1_40' title='bbox 744 1347 854 1404; x_wconf 88' lang='lat' dir='ltr'>unum,</span> <span class='ocrx_word' id='word_1_41' title='bbox 875 1326 955 1390; x_wconf 89' lang='lat' dir='ltr'>ratio</span> <span class='ocrx_word' id='word_1_42' title='bbox 978 1347 1039 1391; x_wconf 91' lang='lat' dir='ltr'>nec</span> <span class='ocrx_word' id='word_1_43' title='bbox 1060 1327 1187 1416; x_wconf 85' lang='lat' dir='ltr'>prodita</span> <span class='ocrx_word' id='word_1_44' title='bbox 1208 1329 1354 1421; x_wconf 81' lang='lat' dir='ltr'>simplex,</span> 
     </span>
     <span class='ocr_line' id='line_1_8' title="bbox 389 1435 1189 1526; baseline -0.003 -20"><span class='ocrx_word' id='word_1_45' title='bbox 389 1438 538 1506; x_wconf 88' lang='lat' dir='ltr'>Pluribus</span> <span class='ocrx_word' id='word_1_46' title='bbox 560 1438 658 1526; x_wconf 91' lang='lat' dir='ltr'>inque</span> <span class='ocrx_word' id='word_1_47' title='bbox 680 1435 784 1501; x_wconf 90' lang='lat' dir='ltr'>modis</span> <span class='ocrx_word' id='word_1_48' title='bbox 805 1457 913 1501; x_wconf 89' lang='lat' dir='ltr'>rerum</span> <span class='ocrx_word' id='word_1_49' title='bbox 936 1444 1049 1501; x_wconf 91' lang='lat' dir='ltr'>natura</span> <span class='ocrx_word' id='word_1_50' title='bbox 1071 1436 1189 1504; x_wconf 90' lang='lat' dir='ltr'>locavit</span> 
     </span>
     <span class='ocr_line' id='line_1_9' title="bbox 390 1544 1234 1638; baseline 0.005 -25"><span class='ocrx_word' id='word_1_51' title='bbox 390 1546 599 1637; x_wconf 85' lang='lat' dir='ltr'>Deduxitque</span> <span class='ocrx_word' id='word_1_52' title='bbox 620 1546 698 1625; x_wconf 91' lang='lat' dir='ltr'>vias,</span> <span class='ocrx_word' id='word_1_53' title='bbox 720 1544 885 1634; x_wconf 91' lang='lat' dir='ltr'>voluitque</span> <span class='ocrx_word' id='word_1_54' title='bbox 905 1567 966 1634; x_wconf 82' lang='lat' dir='ltr'>per</span> <span class='ocrx_word' id='word_1_55' title='bbox 987 1549 1094 1613; x_wconf 90' lang='lat' dir='ltr'>omnia</span> <span class='ocrx_word' id='word_1_56' title='bbox 1116 1553 1234 1638; x_wconf 86' lang='lat' dir='ltr'>quaeri.</span> 
     </span>
    </p>

    <p class='ocr_par' dir='ltr' id='par_1_4' title="bbox 337 1654 1381 2185">
     <span class='ocr_line' id='line_1_10' title="bbox 337 1654 1381 1749; baseline 0.005 -24"><span class='ocrx_word' id='word_1_57' title='bbox 337 1677 378 1718; x_wconf 71' lang='lat'>72⁵</span> <span class='ocrx_word' id='word_1_58' title='bbox 392 1658 483 1725; x_wconf 88' lang='lat' dir='ltr'>Haec</span> <span class='ocrx_word' id='word_1_59' title='bbox 506 1678 633 1749; x_wconf 92' lang='lat' dir='ltr'>quoque</span> <span class='ocrx_word' id='word_1_60' title='bbox 657 1662 822 1744; x_wconf 86' lang='lat' dir='ltr'>comperta</span> <span class='ocrx_word' id='word_1_61' title='bbox 844 1663 893 1719; x_wconf 87' lang='lat' dir='ltr'>est</span> <span class='ocrx_word' id='word_1_62' title='bbox 914 1654 994 1720; x_wconf 86' lang='lat' dir='ltr'>ratio</span> <span class='ocrx_word' id='word_1_63' title='bbox 1016 1655 1076 1722; x_wconf 93' lang='lat' dir='ltr'>sub</span> <span class='ocrx_word' id='word_1_64' title='bbox 1098 1660 1229 1726; x_wconf 88' lang='lat' dir='ltr'>nomine</span> <span class='ocrx_word' id='word_1_65' title='bbox 1251 1661 1381 1730; x_wconf 93' lang='lat' dir='ltr'>eodem:</span> 
     </span>
     <span class='ocr_line' id='line_1_11' title="bbox 391 1765 1245 1858; baseline 0.002 -23"><span class='ocrx_word' id='word_1_66' title='bbox 391 1769 593 1858; x_wconf 81' lang='lat' dir='ltr'>Quacunque</span> <span class='ocrx_word' id='word_1_67' title='bbox 614 1768 645 1831; x_wconf 91' lang='lat' dir='ltr'>in</span> <span class='ocrx_word' id='word_1_68' title='bbox 667 1765 749 1855; x_wconf 88' lang='lat' dir='ltr'>parti</span> <span class='ocrx_word' id='word_1_69' title='bbox 771 1773 963 1830; x_wconf 84' lang='lat' dir='ltr'>nascentum</span> <span class='ocrx_word' id='word_1_70' title='bbox 985 1773 1130 1857; x_wconf 81' lang='lat' dir='ltr'>tempore</span> <span class='ocrx_word' id='word_1_71' title='bbox 1152 1765 1245 1837; x_wconf 88' lang='lat' dir='ltr'>Luna</span> 
     </span>
     <span class='ocr_line' id='line_1_12' title="bbox 390 1872 1276 1967; baseline 0.001 -21"><span class='ocrx_word' id='word_1_72' title='bbox 390 1878 587 1959; x_wconf 87' lang='lat' dir='ltr'>Constiterit,</span> <span class='ocrx_word' id='word_1_73' title='bbox 608 1875 750 1943; x_wconf 89' lang='lat' dir='ltr'>numeris</span> <span class='ocrx_word' id='word_1_74' title='bbox 770 1872 855 1940; x_wconf 91' lang='lat' dir='ltr'>hanc</span> <span class='ocrx_word' id='word_1_75' title='bbox 877 1883 926 1940; x_wconf 92' lang='lat' dir='ltr'>ter</span> <span class='ocrx_word' id='word_1_76' title='bbox 948 1873 1082 1964; x_wconf 87' lang='lat' dir='ltr'>dispone</span> <span class='ocrx_word' id='word_1_77' title='bbox 1105 1881 1276 1967; x_wconf 80' lang='lat' dir='ltr'>quaternis,</span> 
     </span>
     <span class='ocr_line' id='line_1_13' title="bbox 388 1983 1194 2075; baseline 0 -20"><span class='ocrx_word' id='word_1_78' title='bbox 388 1987 525 2057; x_wconf 88' lang='lat' dir='ltr'>Sublimi</span> <span class='ocrx_word' id='word_1_79' title='bbox 546 1986 679 2054; x_wconf 89' lang='lat' dir='ltr'>totidem</span> <span class='ocrx_word' id='word_1_80' title='bbox 701 1987 774 2075; x_wconf 91' lang='lat' dir='ltr'>quia</span> <span class='ocrx_word' id='word_1_81' title='bbox 795 1983 919 2074; x_wconf 85' lang='lat' dir='ltr'>fulgent</span> <span class='ocrx_word' id='word_1_82' title='bbox 940 1986 1044 2052; x_wconf 89' lang='lat' dir='ltr'>sidera</span> <span class='ocrx_word' id='word_1_83' title='bbox 1065 1987 1194 2055; x_wconf 90' lang='lat' dir='ltr'>mundo.</span> 
     </span>
     <span class='ocr_line' id='line_1_14' title="bbox 388 2093 1110 2185; baseline -0.001 -21"><span class='ocrx_word' id='word_1_84' title='bbox 388 2097 465 2165; x_wconf 91' lang='lat' dir='ltr'>lnde</span> <span class='ocrx_word' id='word_1_85' title='bbox 488 2119 562 2165; x_wconf 83' lang='lat' dir='ltr'>suas</span> <span class='ocrx_word' id='word_1_86' title='bbox 583 2097 629 2164; x_wconf 94' lang='lat' dir='ltr'>illi</span> <span class='ocrx_word' id='word_1_87' title='bbox 652 2098 753 2185; x_wconf 84' lang='lat' dir='ltr'>signo,</span> <span class='ocrx_word' id='word_1_88' title='bbox 777 2117 840 2185; x_wconf 89' lang='lat' dir='ltr'>quo</span> <span class='ocrx_word' id='word_1_89' title='bbox 862 2093 956 2160; x_wconf 91' lang='lat' dir='ltr'>Luna</span> <span class='ocrx_word' id='word_1_90' title='bbox 978 2096 1110 2179; x_wconf 87' lang='lat' dir='ltr'>refulsit,</span> 
     </span>
    </p>

    <p class='ocr_par' dir='ltr' id='par_1_5' title="bbox 336 2206 1348 2740">
     <span class='ocr_line' id='line_1_15' title="bbox 336 2206 1348 2300; baseline 0.005 -26"><span class='ocrx_word' id='word_1_91' title='bbox 336 2228 378 2269; x_wconf 71' lang='grc'>730</span> <span class='ocrx_word' id='word_1_92' title='bbox 392 2209 549 2300; x_wconf 87' lang='lat' dir='ltr'>Quaeque</span> <span class='ocrx_word' id='word_1_93' title='bbox 572 2206 646 2274; x_wconf 90' lang='lat' dir='ltr'>hinc</span> <span class='ocrx_word' id='word_1_94' title='bbox 668 2206 835 2273; x_wconf 85' lang='lat' dir='ltr'>defuerant</span> <span class='ocrx_word' id='word_1_95' title='bbox 856 2214 962 2295; x_wconf 90' lang='lat' dir='ltr'>partes</span> <span class='ocrx_word' id='word_1_96' title='bbox 985 2228 1155 2274; x_wconf 84' lang='lat' dir='ltr'>niimerare</span> <span class='ocrx_word' id='word_1_97' title='bbox 1175 2220 1348 2279; x_wconf 84' lang='lat' dir='ltr'>memento.</span> 
     </span>
     <span class='ocr_line' id='line_1_16' title="bbox 388 2316 1247 2406; baseline 0.002 -22"><span class='ocrx_word' id='word_1_98' title='bbox 388 2318 542 2386; x_wconf 90' lang='lat' dir='ltr'>Proxima</span> <span class='ocrx_word' id='word_1_99' title='bbox 565 2319 702 2385; x_wconf 87' lang='lat' dir='ltr'>tricenas</span> <span class='ocrx_word' id='word_1_100' title='bbox 725 2317 908 2406; x_wconf 84' lang='lat' dir='ltr'>pariterque</span> <span class='ocrx_word' id='word_1_101' title='bbox 930 2318 1097 2405; x_wconf 87' lang='lat' dir='ltr'>sequentia</span> <span class='ocrx_word' id='word_1_102' title='bbox 1119 2316 1247 2386; x_wconf 89' lang='lat' dir='ltr'>ducunt.</span> 
     </span>
     <span class='ocr_line' id='line_1_17' title="bbox 388 2426 1240 2506; baseline 0.001 -11"><span class='ocrx_word' id='word_1_103' title='bbox 388 2428 451 2495; x_wconf 90' lang='lat' dir='ltr'>Hic</span> <span class='ocrx_word' id='word_1_104' title='bbox 473 2429 526 2495; x_wconf 92' lang='lat' dir='ltr'>ubi</span> <span class='ocrx_word' id='word_1_105' title='bbox 549 2426 677 2495; x_wconf 88' lang='lat' dir='ltr'>deficiet</span> <span class='ocrx_word' id='word_1_106' title='bbox 698 2448 863 2506; x_wconf 89' lang='lat' dir='ltr'>numerus,</span> <span class='ocrx_word' id='word_1_107' title='bbox 885 2434 962 2492; x_wconf 93' lang='lat' dir='ltr'>tunc</span> <span class='ocrx_word' id='word_1_108' title='bbox 983 2448 1108 2493; x_wconf 88' lang='lat' dir='ltr'>summa</span> <span class='ocrx_word' id='word_1_109' title='bbox 1131 2427 1240 2498; x_wconf 87' lang='lat' dir='ltr'>relicta</span> 
     </span>
     <span class='ocr_line' id='line_1_18' title="bbox 390 2536 1067 2625; baseline -0.003 -20"><span class='ocrx_word' id='word_1_110' title='bbox 390 2538 424 2605; x_wconf 93' lang='lat' dir='ltr'>ln</span> <span class='ocrx_word' id='word_1_111' title='bbox 447 2539 538 2605; x_wconf 90' lang='lat' dir='ltr'>binas</span> <span class='ocrx_word' id='word_1_112' title='bbox 560 2547 662 2604; x_wconf 85' lang='lat' dir='ltr'>sortes</span> <span class='ocrx_word' id='word_1_113' title='bbox 685 2537 809 2603; x_wconf 91' lang='lat' dir='ltr'>adiecta</span> <span class='ocrx_word' id='word_1_114' title='bbox 830 2545 922 2625; x_wconf 89' lang='lat' dir='ltr'>parte</span> <span class='ocrx_word' id='word_1_115' title='bbox 943 2536 1067 2603; x_wconf 89' lang='lat' dir='ltr'>locetur</span> 
     </span>
     <span class='ocr_line' id='line_1_19' title="bbox 387 2645 1191 2740; baseline 0 -26"><span class='ocrx_word' id='word_1_116' title='bbox 387 2648 537 2731; x_wconf 90' lang='lat' dir='ltr'>Dimidia,</span> <span class='ocrx_word' id='word_1_117' title='bbox 559 2648 689 2739; x_wconf 92' lang='lat' dir='ltr'>reliquis</span> <span class='ocrx_word' id='word_1_118' title='bbox 712 2646 867 2740; x_wconf 83' lang='lat' dir='ltr'>tribuatur</span> <span class='ocrx_word' id='word_1_119' title='bbox 887 2655 923 2710; x_wconf 92' lang='lat' dir='ltr'>ut</span> <span class='ocrx_word' id='word_1_120' title='bbox 945 2645 1056 2713; x_wconf 91' lang='lat' dir='ltr'>ordine</span> <span class='ocrx_word' id='word_1_121' title='bbox 1079 2649 1191 2737; x_wconf 83' lang='lat' dir='ltr'>signis;</span> 
     </span>
    </p>

    <p class='ocr_par' dir='ltr' id='par_1_6' title="bbox 336 2755 1226 3074">
     <span class='ocr_line' id='line_1_20' title="bbox 336 2755 1146 2850; baseline 0 -25"><span class='ocrx_word' id='word_1_122' title='bbox 336 2777 376 2818; x_wconf 75' lang='lat'>7³⁵</span> <span class='ocrx_word' id='word_1_123' title='bbox 390 2757 424 2826; x_wconf 90' lang='lat' dir='ltr'>ln</span> <span class='ocrx_word' id='word_1_124' title='bbox 442 2783 504 2850; x_wconf 92' lang='lat' dir='ltr'>quo</span> <span class='ocrx_word' id='word_1_125' title='bbox 528 2758 709 2842; x_wconf 86' lang='lat' dir='ltr'>destituent,</span> <span class='ocrx_word' id='word_1_126' title='bbox 728 2760 796 2825; x_wconf 91' lang='lat' dir='ltr'>eius</span> <span class='ocrx_word' id='word_1_127' title='bbox 820 2765 888 2822; x_wconf 92' lang='lat' dir='ltr'>tum</span> <span class='ocrx_word' id='word_1_128' title='bbox 909 2755 1003 2822; x_wconf 86' lang='lat' dir='ltr'>Luna</span> <span class='ocrx_word' id='word_1_129' title='bbox 1025 2757 1146 2825; x_wconf 90' lang='lat' dir='ltr'>tenebit</span> 
     </span>
     <span class='ocr_line' id='line_1_21' title="bbox 387 2868 1158 2958; baseline -0.003 -22"><span class='ocrx_word' id='word_1_130' title='bbox 387 2868 681 2937; x_wconf 86' lang='lat' dir='ltr'>Dodecatemorion</span> <span class='ocrx_word' id='word_1_131' title='bbox 703 2868 795 2958; x_wconf 84' lang='lat' dir='ltr'>signi.</span> <span class='ocrx_word' id='word_1_132' title='bbox 836 2876 911 2955; x_wconf 90' lang='lat' dir='ltr'>post</span> <span class='ocrx_word' id='word_1_133' title='bbox 931 2875 1039 2933; x_wconf 87' lang='lat' dir='ltr'>cetera</span> <span class='ocrx_word' id='word_1_134' title='bbox 1061 2868 1158 2935; x_wconf 88' lang='lat' dir='ltr'>ducet</span> 
     </span>
     <span class='ocr_line' id='line_1_22' title="bbox 387 2976 1226 3074; baseline 0.002 -28"><span class='ocrx_word' id='word_1_135' title='bbox 387 2980 507 3048; x_wconf 88' lang='lat' dir='ltr'>Ordine</span> <span class='ocrx_word' id='word_1_136' title='bbox 530 3001 677 3074; x_wconf 88' lang='lat' dir='ltr'>quaeque</span> <span class='ocrx_word' id='word_1_137' title='bbox 699 3000 768 3060; x_wconf 89' lang='lat' dir='ltr'>suo,</span> <span class='ocrx_word' id='word_1_138' title='bbox 791 2980 874 3045; x_wconf 88' lang='lat' dir='ltr'>sicut</span> <span class='ocrx_word' id='word_1_139' title='bbox 896 2986 983 3044; x_wconf 85' lang='lat' dir='ltr'>stant</span> <span class='ocrx_word' id='word_1_140' title='bbox 1004 2986 1090 3045; x_wconf 88' lang='lat' dir='ltr'>astra</span> <span class='ocrx_word' id='word_1_141' title='bbox 1111 2976 1226 3048; x_wconf 86' lang='lat' dir='ltr'>locata.</span> 
     </span>
    </p>
   </div>
   <div class='ocr_carea' id='block_1_3' title="bbox 318 3180 1524 3336">
    <p class='ocr_par' dir='ltr' id='par_1_7' title="bbox 318 3180 1524 3336">
     <span class='ocr_line' id='line_1_23' title="bbox 318 3180 1524 3258; baseline 0.008 -19"><span class='ocrx_word' id='word_1_142' title='bbox 318 3180 355 3237; x_wconf 85' lang='lat' dir='ltr'><strong>A.</strong></span> <span class='ocrx_word' id='word_1_143' title='bbox 383 3199 409 3238; x_wconf 75' lang='lat' dir='ltr'>r.</span> <span class='ocrx_word' id='word_1_144' title='bbox 423 3184 480 3240; x_wconf 83' lang='lat'>719</span> <span class='ocrx_word' id='word_1_145' title='bbox 501 3182 596 3240; x_wconf 88' lang='lat' dir='ltr'>sidera</span> <span class='ocrx_word' id='word_1_146' title='bbox 617 3199 748 3258; x_wconf 86' lang='lat' dir='ltr'>quaeque</span> <span class='ocrx_word' id='word_1_147' title='bbox 838 3196 863 3236; x_wconf 85' lang='lat' dir='ltr'><strong>v.</strong></span> <span class='ocrx_word' id='word_1_148' title='bbox 877 3181 934 3237; x_wconf 88' lang='grc'>726</span> <span class='ocrx_word' id='word_1_149' title='bbox 954 3188 1038 3257; x_wconf 86' lang='lat' dir='ltr'>partu</span> <span class='ocrx_word' id='word_1_150' title='bbox 1125 3200 1151 3241; x_wconf 85' lang='lat' dir='ltr'><strong>v.</strong></span> <span class='ocrx_word' id='word_1_151' title='bbox 1165 3187 1222 3242; x_wconf 91' lang='grc'>730</span> <span class='ocrx_word' id='word_1_152' title='bbox 1242 3185 1326 3255; x_wconf 87' lang='lat' dir='ltr'>Quae</span> <span class='ocrx_word' id='word_1_153' title='bbox 1347 3188 1451 3248; x_wconf 88' lang='lat' dir='ltr'>debinc</span> <span class='ocrx_word' id='word_1_154' title='bbox 1471 3190 1524 3250; x_wconf 84' lang='lat' dir='ltr'>de-</span> 
     </span>
     <span class='ocr_line' id='line_1_24' title="bbox 379 3256 1432 3336; baseline 0 -22"><span class='ocrx_word' id='word_1_155' title='bbox 379 3258 487 3316; x_wconf 87' lang='lat' dir='ltr'>suerint</span> <span class='ocrx_word' id='word_1_156' title='bbox 581 3277 607 3315; x_wconf 83' lang='lat' dir='ltr'><strong>v.</strong></span> <span class='ocrx_word' id='word_1_157' title='bbox 620 3261 675 3317; x_wconf 89' lang='grc'>731</span> <span class='ocrx_word' id='word_1_158' title='bbox 697 3265 793 3336; x_wconf 86' lang='lat' dir='ltr'>partes</span> <span class='ocrx_word' id='word_1_159' title='bbox 813 3256 954 3314; x_wconf 88' lang='lat' dir='ltr'>sententia</span> <span class='ocrx_word' id='word_1_160' title='bbox 974 3256 1061 3313; x_wconf 87' lang='lat' dir='ltr'>ducit.</span> <span class='ocrx_word' id='word_1_161' title='bbox 1159 3279 1185 3318; x_wconf 84' lang='lat' dir='ltr'><strong>v.</strong></span> <span class='ocrx_word' id='word_1_162' title='bbox 1199 3263 1257 3321; x_wconf 88' lang='grc'>734</span> <span class='ocrx_word' id='word_1_163' title='bbox 1275 3264 1432 3324; x_wconf 77' lang='lat' dir='ltr'>Dimidium</span> 
     </span>
    </p>
   </div>
   <div class='ocr_carea' id='block_1_4' title="bbox 321 3331 1526 3488">
    <p class='ocr_par' dir='ltr' id='par_1_8' title="bbox 321 3331 1526 3488">
     <span class='ocr_line' id='line_1_25' title="bbox 322 3331 1526 3411; baseline 0.001 -22"><span class='ocrx_word' id='word_1_164' title='bbox 322 3339 330 3345; x_wconf 86' lang='lat'>&#39;</span> <span class='ocrx_word' id='word_1_165' title='bbox 380 3352 407 3393; x_wconf 83' lang='lat' dir='ltr'><strong>v.</strong></span> <span class='ocrx_word' id='word_1_166' title='bbox 420 3337 477 3394; x_wconf 86' lang='grc'>735</span> <span class='ocrx_word' id='word_1_167' title='bbox 496 3334 528 3392; x_wconf 89' lang='lat' dir='ltr'>Iu</span> <span class='ocrx_word' id='word_1_168' title='bbox 549 3355 606 3411; x_wconf 87' lang='lat' dir='ltr'>qua</span> <span class='ocrx_word' id='word_1_169' title='bbox 624 3366 662 3378; x_wconf 91' lang='lat'><em>-</em></span> <span class='ocrx_word' id='word_1_170' title='bbox 681 3343 711 3391; x_wconf 88' lang='lat' dir='ltr'>te</span> <span class='ocrx_word' id='word_1_171' title='bbox 731 3334 833 3389; x_wconf 88' lang='lat' dir='ltr'>iustum</span> <span class='ocrx_word' id='word_1_172' title='bbox 853 3363 892 3374; x_wconf 88' lang='lat'>-—</span> <span class='ocrx_word' id='word_1_173' title='bbox 910 3331 1018 3390; x_wconf 83' lang='lat' dir='ltr'>ridebit</span> <span class='ocrx_word' id='word_1_174' title='bbox 1133 3355 1158 3394; x_wconf 88' lang='lat' dir='ltr'><strong>v.</strong></span> <span class='ocrx_word' id='word_1_175' title='bbox 1177 3339 1234 3396; x_wconf 84' lang='lat'>736</span> <span class='ocrx_word' id='word_1_176' title='bbox 1259 3338 1526 3405; x_wconf 63' lang='lat' dir='ltr'>Duodecatemoffis</span> 
     </span>
     <span class='ocr_line' id='line_1_26' title="bbox 321 3410 1019 3488; baseline -0.001 -21"><span class='ocrx_word' id='word_1_177' title='bbox 321 3415 326 3424; x_wconf 95' lang='lat'>&#39;</span> <span class='ocrx_word' id='word_1_178' title='bbox 380 3411 469 3488; x_wconf 86' lang='lat' dir='ltr'>signis</span> <span class='ocrx_word' id='word_1_179' title='bbox 486 3445 524 3454; x_wconf 95' lang='lat'><strong>—</strong></span> <span class='ocrx_word' id='word_1_180' title='bbox 545 3412 632 3470; x_wconf 86' lang='lat' dir='ltr'>duces</span> <span class='ocrx_word' id='word_1_181' title='bbox 710 3429 734 3467; x_wconf 88' lang='lat' dir='ltr'><strong>v.</strong></span> <span class='ocrx_word' id='word_1_182' title='bbox 748 3411 807 3468; x_wconf 90' lang='grc'>737</span> <span class='ocrx_word' id='word_1_183' title='bbox 826 3410 867 3466; x_wconf 90' lang='lat' dir='ltr'>sic</span> <span class='ocrx_word' id='word_1_184' title='bbox 887 3417 1019 3468; x_wconf 86' lang='lat' dir='ltr'>constant</span> 
     </span>
    </p>
   </div>
   <div class='ocr_carea' id='block_1_5' title="bbox 319 3538 1486 3771">
    <p class='ocr_par' dir='ltr' id='par_1_9' title="bbox 319 3538 1486 3771">
     <span class='ocr_line' id='line_1_27' title="bbox 319 3538 1453 3627; baseline 0.01 -29"><span class='ocrx_word' id='word_1_185' title='bbox 319 3538 354 3599; x_wconf 91' lang='lat' dir='ltr'>S.</span> <span class='ocrx_word' id='word_1_186' title='bbox 382 3558 409 3597; x_wconf 81' lang='lat' dir='ltr'><strong>v.</strong></span> <span class='ocrx_word' id='word_1_187' title='bbox 421 3543 478 3600; x_wconf 87' lang='grc'>719</span> <span class='ocrx_word' id='word_1_188' title='bbox 498 3540 602 3599; x_wconf 88' lang='lat' dir='ltr'>Sidera</span> <span class='ocrx_word' id='word_1_189' title='bbox 620 3557 752 3615; x_wconf 91' lang='lat' dir='ltr'>quaeque</span> <span class='ocrx_word' id='word_1_190' title='bbox 849 3557 874 3596; x_wconf 84' lang='lat' dir='ltr'><strong>v.</strong></span> <span class='ocrx_word' id='word_1_191' title='bbox 888 3541 945 3596; x_wconf 83' lang='lat'>723</span> <span class='ocrx_word' id='word_1_192' title='bbox 967 3556 1062 3596; x_wconf 85' lang='lat' dir='ltr'>verum</span> <span class='ocrx_word' id='word_1_193' title='bbox 1157 3561 1184 3599; x_wconf 86' lang='lat' dir='ltr'><strong>v.</strong></span> <span class='ocrx_word' id='word_1_194' title='bbox 1198 3545 1256 3603; x_wconf 85' lang='grc'>724</span> <span class='ocrx_word' id='word_1_195' title='bbox 1275 3545 1453 3627; x_wconf 85' lang='lat' dir='ltr'>Diduxitque</span> 
     </span>
     <span class='ocr_line' id='line_1_28' title="bbox 379 3615 1486 3696; baseline 0.014 -27"><span class='ocrx_word' id='word_1_196' title='bbox 379 3634 405 3675; x_wconf 86' lang='lat' dir='ltr'><strong>v.</strong></span> <span class='ocrx_word' id='word_1_197' title='bbox 418 3620 476 3675; x_wconf 89' lang='grc'>730</span> <span class='ocrx_word' id='word_1_198' title='bbox 494 3618 531 3673; x_wconf 91' lang='lat' dir='ltr'>Et</span> <span class='ocrx_word' id='word_1_199' title='bbox 551 3635 626 3694; x_wconf 89' lang='lat' dir='ltr'>quae</span> <span class='ocrx_word' id='word_1_200' title='bbox 646 3615 749 3673; x_wconf 86' lang='lat' dir='ltr'>debinc</span> <span class='ocrx_word' id='word_1_201' title='bbox 773 3615 880 3672; x_wconf 87' lang='lat' dir='ltr'>suerint</span> <span class='ocrx_word' id='word_1_202' title='bbox 1002 3634 1028 3672; x_wconf 87' lang='lat' dir='ltr'><strong>v.</strong></span> <span class='ocrx_word' id='word_1_203' title='bbox 1042 3620 1096 3673; x_wconf 89' lang='grc'>731</span> <span class='ocrx_word' id='word_1_204' title='bbox 1118 3628 1217 3696; x_wconf 86' lang='lat' dir='ltr'>partes</span> <span class='ocrx_word' id='word_1_205' title='bbox 1241 3627 1383 3683; x_wconf 85' lang='lat' dir='ltr'>sententia</span> <span class='ocrx_word' id='word_1_206' title='bbox 1408 3628 1486 3685; x_wconf 86' lang='lat' dir='ltr'>ducit</span> 
     </span>
     <span class='ocr_line' id='line_1_29' title="bbox 379 3692 1114 3771; baseline 0.003 -22"><span class='ocrx_word' id='word_1_207' title='bbox 379 3693 527 3753; x_wconf 79' lang='lat' dir='ltr'><strong>v.7351n</strong></span> <span class='ocrx_word' id='word_1_208' title='bbox 548 3712 604 3771; x_wconf 88' lang='lat' dir='ltr'>qua</span> <span class='ocrx_word' id='word_1_209' title='bbox 623 3702 708 3749; x_wconf 85' lang='lat' dir='ltr'>—te</span> <span class='ocrx_word' id='word_1_210' title='bbox 728 3693 831 3749; x_wconf 84' lang='lat' dir='ltr'>iustum</span> <span class='ocrx_word' id='word_1_211' title='bbox 909 3710 935 3749; x_wconf 87' lang='lat' dir='ltr'><strong>v.</strong></span> <span class='ocrx_word' id='word_1_212' title='bbox 949 3694 1005 3749; x_wconf 88' lang='grc'>736</span> <span class='ocrx_word' id='word_1_213' title='bbox 1026 3692 1114 3751; x_wconf 90' lang='lat' dir='ltr'>duces</span> 
     </span>
    </p>
   </div>
   <div class='ocr_carea' id='block_1_6' title="bbox 318 3820 1595 3973">
    <p class='ocr_par' dir='ltr' id='par_1_10' title="bbox 318 3820 1595 3973">
     <span class='ocr_line' id='line_1_30' title="bbox 318 3820 1595 3889; baseline 0.005 -8"><span class='ocrx_word' id='word_1_214' title='bbox 318 3820 357 3880; x_wconf 89' lang='grc' dir='ltr'>Β.</span> <span class='ocrx_word' id='word_1_215' title='bbox 379 3840 405 3879; x_wconf 78' lang='lat' dir='ltr'>r.</span> <span class='ocrx_word' id='word_1_216' title='bbox 419 3825 476 3882; x_wconf 90' lang='grc'>717</span> <span class='ocrx_word' id='word_1_217' title='bbox 496 3832 587 3880; x_wconf 86' lang='lat' dir='ltr'>sortes</span> <span class='ocrx_word' id='word_1_218' title='bbox 672 3839 699 3879; x_wconf 87' lang='lat' dir='ltr'><strong>v.</strong></span> <span class='ocrx_word' id='word_1_219' title='bbox 712 3824 769 3878; x_wconf 86' lang='lat'>720</span> <span class='ocrx_word' id='word_1_220' title='bbox 789 3821 842 3876; x_wconf 90' lang='lat' dir='ltr'>sibi</span> <span class='ocrx_word' id='word_1_221' title='bbox 933 3825 1177 3881; x_wconf 65' lang='lat' dir='ltr'>emtoribus</span> <span class='ocrx_word' id='word_1_222' title='bbox 1263 3846 1289 3886; x_wconf 79' lang='lat' dir='ltr'>r.</span> <span class='ocrx_word' id='word_1_223' title='bbox 1303 3833 1359 3889; x_wconf 89' lang='grc'>723</span> <span class='ocrx_word' id='word_1_224' title='bbox 1380 3848 1526 3888; x_wconf 82' lang='lat' dir='ltr'>renim·</span> <span class='ocrx_word' id='word_1_225' title='bbox 1592 3847 1595 3856; x_wconf 90' lang='grc'><strong>’</strong></span> 
     </span>
     <span class='ocr_line' id='line_1_31' title="bbox 323 3841 1144 3973; baseline 0.005 -20"><span class='ocrx_word' id='word_1_226' title='bbox 323 3916 327 3927; x_wconf 90' lang='lat'><strong>·</strong></span> <span class='ocrx_word' id='word_1_227' title='bbox 378 3916 405 3957; x_wconf 83' lang='lat' dir='ltr'><strong>v.</strong></span> <span class='ocrx_word' id='word_1_228' title='bbox 418 3897 477 3957; x_wconf 94' lang='grc'>724</span> <span class='ocrx_word' id='word_1_229' title='bbox 495 3898 670 3973; x_wconf 83' lang='lat' dir='ltr'>Diduxitqne</span> <span class='ocrx_word' id='word_1_230' title='bbox 690 3915 746 3954; x_wconf 86' lang='lat' dir='ltr'>vss.</span> <span class='ocrx_word' id='word_1_231' title='bbox 760 3900 817 3955; x_wconf 88' lang='grc'>732</span> <span class='ocrx_word' id='word_1_232' title='bbox 837 3896 874 3953; x_wconf 89' lang='lat' dir='ltr'>ad</span> <span class='ocrx_word' id='word_1_233' title='bbox 894 3897 933 3955; x_wconf 91' lang='grc'>34</span> <span class='ocrx_word' id='word_1_234' title='bbox 951 3897 1018 3954; x_wconf 90' lang='lat' dir='ltr'>incl.</span> <span class='ocrx_word' id='word_1_235' title='bbox 1039 3841 1144 3958; x_wconf 61' lang='lat' dir='ltr'>dilicit.</span> 
     </span>
    </p>
   </div>
   <div class='ocr_carea' id='block_1_7' title="bbox 318 4025 1549 4854">
    <p class='ocr_par' dir='ltr' id='par_1_11' title="bbox 318 4025 1549 4335">
     <span class='ocr_line' id='line_1_32' title="bbox 318 4025 1549 4102; baseline 0.008 -17"><span class='ocrx_word' id='word_1_236' title='bbox 318 4026 357 4085; x_wconf 89' lang='lat' dir='ltr'><strong>V.</strong></span> <span class='ocrx_word' id='word_1_237' title='bbox 379 4046 405 4083; x_wconf 89' lang='lat' dir='ltr'><strong>v.</strong></span> <span class='ocrx_word' id='word_1_238' title='bbox 419 4030 478 4086; x_wconf 84' lang='lat'>719</span> <span class='ocrx_word' id='word_1_239' title='bbox 496 4028 528 4084; x_wconf 78' lang='lat' dir='ltr'>ia</span> <span class='ocrx_word' id='word_1_240' title='bbox 548 4025 642 4083; x_wconf 80' lang='lat' dir='ltr'>sidem</span> <span class='ocrx_word' id='word_1_241' title='bbox 660 4043 768 4102; x_wconf 83' lang='lat' dir='ltr'>qrroqoe</span> <span class='ocrx_word' id='word_1_242' title='bbox 786 4044 894 4083; x_wconf 87' lang='lat' dir='ltr'>omnes.</span> <span class='ocrx_word' id='word_1_243' title='bbox 916 4044 987 4083; x_wconf 88' lang='lat' dir='ltr'>corr.</span> <span class='ocrx_word' id='word_1_244' title='bbox 1008 4026 1044 4084; x_wconf 90' lang='lat' dir='ltr'><strong>B.</strong></span> <span class='ocrx_word' id='word_1_245' title='bbox 1142 4048 1168 4088; x_wconf 90' lang='lat' dir='ltr'><strong>v.</strong></span> <span class='ocrx_word' id='word_1_246' title='bbox 1182 4034 1238 4089; x_wconf 83' lang='lat'>723</span> <span class='ocrx_word' id='word_1_247' title='bbox 1258 4050 1352 4092; x_wconf 82' lang='lat' dir='ltr'>rorum</span> <span class='ocrx_word' id='word_1_248' title='bbox 1372 4053 1481 4095; x_wconf 86' lang='lat' dir='ltr'>ornnes.</span> <span class='ocrx_word' id='word_1_249' title='bbox 1545 4041 1549 4060; x_wconf 79' lang='lat'><strong>¹</strong></span> 
     </span>
     <span class='ocr_line' id='line_1_33' title="bbox 377 4101 1523 4186; baseline 0.015 -30"><span class='ocrx_word' id='word_1_250' title='bbox 377 4121 404 4162; x_wconf 84' lang='lat' dir='ltr'>r.</span> <span class='ocrx_word' id='word_1_251' title='bbox 418 4103 477 4163; x_wconf 85' lang='grc'>724</span> <span class='ocrx_word' id='word_1_252' title='bbox 503 4101 680 4177; x_wconf 70' lang='lat' dir='ltr'>nedumque</span> <span class='ocrx_word' id='word_1_253' title='bbox 704 4120 811 4159; x_wconf 87' lang='lat' dir='ltr'>ornnes.</span> <span class='ocrx_word' id='word_1_254' title='bbox 927 4119 953 4158; x_wconf 84' lang='lat' dir='ltr'><strong>v.</strong></span> <span class='ocrx_word' id='word_1_255' title='bbox 968 4105 1024 4160; x_wconf 90' lang='grc'>726</span> <span class='ocrx_word' id='word_1_256' title='bbox 1052 4105 1221 4181; x_wconf 81' lang='lat' dir='ltr'>ereormqoe</span> <span class='ocrx_word' id='word_1_257' title='bbox 1248 4109 1279 4167; x_wconf 79' lang='lat' dir='ltr'>io</span> <span class='ocrx_word' id='word_1_258' title='bbox 1302 4117 1389 4186; x_wconf 82' lang='lat' dir='ltr'>perte</span> <span class='ocrx_word' id='word_1_259' title='bbox 1414 4115 1523 4173; x_wconf 81' lang='lat' dir='ltr'>omnes.</span> 
     </span>
     <span class='ocr_line' id='line_1_34' title="bbox 379 4177 1523 4321; baseline 0.01 -86"><span class='ocrx_word' id='word_1_260' title='bbox 379 4189 453 4237; x_wconf 85' lang='lat' dir='ltr'>corr.</span> <span class='ocrx_word' id='word_1_261' title='bbox 476 4178 554 4240; x_wconf 79' lang='lat' dir='ltr'>Scal.</span> <span class='ocrx_word' id='word_1_262' title='bbox 631 4196 657 4234; x_wconf 84' lang='lat' dir='ltr'>r.</span> <span class='ocrx_word' id='word_1_263' title='bbox 671 4177 728 4236; x_wconf 85' lang='grc'>730</span> <span class='ocrx_word' id='word_1_264' title='bbox 750 4180 830 4249; x_wconf 74' lang='lat' dir='ltr'>Quae</span> <span class='ocrx_word' id='word_1_265' title='bbox 848 4186 874 4235; x_wconf 88' lang='lat' dir='ltr'>et</span> <span class='ocrx_word' id='word_1_266' title='bbox 892 4177 958 4236; x_wconf 82' lang='lat' dir='ltr'>boio</span> <span class='ocrx_word' id='word_1_267' title='bbox 977 4178 1014 4235; x_wconf 87' lang='lat' dir='ltr'>V.</span> <span class='ocrx_word' id='word_1_268' title='bbox 1028 4183 1055 4238; x_wconf 88' lang='lat'><strong>1.</strong></span> <span class='ocrx_word' id='word_1_269' title='bbox 1078 4182 1157 4252; x_wconf 81' lang='lat' dir='ltr'>Quae</span> <span class='ocrx_word' id='word_1_270' title='bbox 1176 4189 1205 4240; x_wconf 89' lang='lat' dir='ltr'>et</span> <span class='ocrx_word' id='word_1_271' title='bbox 1224 4181 1291 4241; x_wconf 64' lang='lat' dir='ltr'>ldae</span> <span class='ocrx_word' id='word_1_272' title='bbox 1312 4185 1346 4244; x_wconf 89' lang='lat' dir='ltr'><strong>C.</strong></span> <span class='ocrx_word' id='word_1_273' title='bbox 1356 4185 1392 4245; x_wconf 90' lang='lat' dir='ltr'><strong>L.</strong></span> <span class='ocrx_word' id='word_1_274' title='bbox 1398 4183 1452 4321; x_wconf 67' lang='lat' dir='ltr'>Vin</span> <span class='ocrx_word' id='word_1_275' title='bbox 1466 4208 1523 4266; x_wconf 93' lang='lat' dir='ltr'>quo</span> 
     </span>
     <span class='ocr_line' id='line_1_35' title="bbox 377 4252 1524 4335; baseline 0.006 -21"><span class='ocrx_word' id='word_1_276' title='bbox 377 4254 581 4331; x_wconf 61' lang='lat' dir='ltr'>messuerat).</span> <span class='ocrx_word' id='word_1_277' title='bbox 604 4255 667 4326; x_wconf 85' lang='lat' dir='ltr'>Quo</span> <span class='ocrx_word' id='word_1_278' title='bbox 687 4262 716 4311; x_wconf 91' lang='lat' dir='ltr'>et</span> <span class='ocrx_word' id='word_1_279' title='bbox 734 4252 807 4311; x_wconf 73' lang='lat' dir='ltr'>leuno</span> <span class='ocrx_word' id='word_1_280' title='bbox 827 4254 864 4312; x_wconf 89' lang='lat' dir='ltr'><strong>V.</strong></span> <span class='ocrx_word' id='word_1_281' title='bbox 876 4257 904 4312; x_wconf 89' lang='grc'>2.</span> <span class='ocrx_word' id='word_1_282' title='bbox 919 4273 991 4311; x_wconf 87' lang='lat' dir='ltr'>corr.</span> <span class='ocrx_word' id='word_1_283' title='bbox 1004 4255 1039 4312; x_wconf 89' lang='grc' dir='ltr'>Β.</span> <span class='ocrx_word' id='word_1_284' title='bbox 1118 4277 1144 4315; x_wconf 83' lang='lat' dir='ltr'><strong>v.</strong></span> <span class='ocrx_word' id='word_1_285' title='bbox 1158 4262 1212 4317; x_wconf 86' lang='grc'>731</span> <span class='ocrx_word' id='word_1_286' title='bbox 1234 4264 1343 4335; x_wconf 73' lang='lat' dir='ltr'>pariter</span> <span class='ocrx_word' id='word_1_287' title='bbox 1352 4262 1388 4321; x_wconf 93' lang='lat' dir='ltr'>C.</span> <span class='ocrx_word' id='word_1_288' title='bbox 1428 4270 1475 4326; x_wconf 89' lang='lat'>.1.</span> <span class='ocrx_word' id='word_1_289' title='bbox 1487 4267 1524 4327; x_wconf 91' lang='lat' dir='ltr'>L.</span> 
     </span>
    </p>

    <p class='ocr_par' dir='ltr' id='par_1_12' title="bbox 327 4331 1407 4410">
     <span class='ocr_line' id='line_1_36' title="bbox 327 4331 1407 4410; baseline 0.009 -21"><span class='ocrx_word' id='word_1_290' title='bbox 327 4345 329 4350; x_wconf 83' lang='lat'>&#39;</span> <span class='ocrx_word' id='word_1_291' title='bbox 379 4334 423 4410; x_wconf 76' lang='lat' dir='ltr'>(lu</span> <span class='ocrx_word' id='word_1_292' title='bbox 442 4332 498 4391; x_wconf 89' lang='lat' dir='ltr'>boe</span> <span class='ocrx_word' id='word_1_293' title='bbox 519 4349 573 4407; x_wconf 84' lang='lat' dir='ltr'>que</span> <span class='ocrx_word' id='word_1_294' title='bbox 593 4331 689 4403; x_wconf 86' lang='lat' dir='ltr'>erasa)</span> <span class='ocrx_word' id='word_1_295' title='bbox 709 4333 870 4407; x_wconf 80' lang='lat' dir='ltr'>pariterque</span> <span class='ocrx_word' id='word_1_296' title='bbox 889 4331 926 4387; x_wconf 89' lang='lat' dir='ltr'>V.</span> <span class='ocrx_word' id='word_1_297' title='bbox 938 4336 966 4388; x_wconf 89' lang='grc'>2.</span> <span class='ocrx_word' id='word_1_298' title='bbox 988 4336 1131 4392; x_wconf 79' lang='lat' dir='ltr'>sententio</span> <span class='ocrx_word' id='word_1_299' title='bbox 1152 4354 1258 4393; x_wconf 87' lang='lat' dir='ltr'>omnes.</span> <span class='ocrx_word' id='word_1_300' title='bbox 1279 4357 1352 4398; x_wconf 88' lang='lat' dir='ltr'>corr.</span> <span class='ocrx_word' id='word_1_301' title='bbox 1371 4339 1407 4399; x_wconf 90' lang='lat' dir='ltr'><strong>B.</strong></span> 
     </span>
    </p>

    <p class='ocr_par' dir='ltr' id='par_1_13' title="bbox 375 4405 1525 4714">
     <span class='ocr_line' id='line_1_37' title="bbox 375 4405 1524 4486; baseline 0.014 -21"><span class='ocrx_word' id='word_1_302' title='bbox 375 4427 403 4467; x_wconf 80' lang='lat' dir='ltr'>r.</span> <span class='ocrx_word' id='word_1_303' title='bbox 417 4411 475 4467; x_wconf 89' lang='grc'>732</span> <span class='ocrx_word' id='word_1_304' title='bbox 495 4412 550 4466; x_wconf 76' lang='lat' dir='ltr'>Hir</span> <span class='ocrx_word' id='word_1_305' title='bbox 569 4405 620 4467; x_wconf 85' lang='lat' dir='ltr'>tibi</span> <span class='ocrx_word' id='word_1_306' title='bbox 640 4408 677 4465; x_wconf 87' lang='lat' dir='ltr'><strong>V.</strong></span> <span class='ocrx_word' id='word_1_307' title='bbox 689 4412 716 4464; x_wconf 89' lang='lat'><strong>1.</strong></span> <span class='ocrx_word' id='word_1_308' title='bbox 730 4412 757 4464; x_wconf 86' lang='lat'><strong>2.</strong></span> <span class='ocrx_word' id='word_1_309' title='bbox 784 4409 840 4464; x_wconf 81' lang='lat' dir='ltr'>Hie</span> <span class='ocrx_word' id='word_1_310' title='bbox 859 4406 899 4464; x_wconf 79' lang='lat' dir='ltr'>tot</span> <span class='ocrx_word' id='word_1_311' title='bbox 917 4407 952 4464; x_wconf 90' lang='lat' dir='ltr'><strong>L.</strong></span> <span class='ocrx_word' id='word_1_312' title='bbox 973 4425 1115 4486; x_wconf 89' lang='lat' dir='ltr'>superscr.</span> <span class='ocrx_word' id='word_1_313' title='bbox 1138 4417 1151 4468; x_wconf 89' lang='lat' dir='ltr'>t</span> <span class='ocrx_word' id='word_1_314' title='bbox 1170 4409 1212 4469; x_wconf 84' lang='lat' dir='ltr'>uel</span> <span class='ocrx_word' id='word_1_315' title='bbox 1230 4412 1287 4471; x_wconf 82' lang='lat' dir='ltr'>obi.</span> <span class='ocrx_word' id='word_1_316' title='bbox 1320 4414 1357 4474; x_wconf 86' lang='lat' dir='ltr'>de</span> <span class='ocrx_word' id='word_1_317' title='bbox 1382 4422 1524 4480; x_wconf 82' lang='lat' dir='ltr'>sententia</span> 
     </span>
     <span class='ocr_line' id='line_1_38' title="bbox 376 4482 1525 4560; baseline 0.012 -17"><span class='ocrx_word' id='word_1_318' title='bbox 376 4484 489 4543; x_wconf 83' lang='lat' dir='ltr'>Manilii</span> <span class='ocrx_word' id='word_1_319' title='bbox 508 4484 547 4541; x_wconf 84' lang='lat' dir='ltr'>cf.</span> <span class='ocrx_word' id='word_1_320' title='bbox 569 4484 752 4560; x_wconf 85' lang='lat' dir='ltr'>diagramma.</span> <span class='ocrx_word' id='word_1_321' title='bbox 858 4502 883 4540; x_wconf 88' lang='lat' dir='ltr'><strong>v.</strong></span> <span class='ocrx_word' id='word_1_322' title='bbox 897 4482 955 4542; x_wconf 88' lang='grc'>734</span> <span class='ocrx_word' id='word_1_323' title='bbox 974 4486 1129 4544; x_wconf 79' lang='lat' dir='ltr'>Dimidium</span> <span class='ocrx_word' id='word_1_324' title='bbox 1149 4487 1185 4543; x_wconf 88' lang='lat' dir='ltr'>V.</span> <span class='ocrx_word' id='word_1_325' title='bbox 1197 4492 1226 4546; x_wconf 88' lang='lat' dir='ltr'>t.</span> <span class='ocrx_word' id='word_1_326' title='bbox 1247 4490 1281 4548; x_wconf 92' lang='lat' dir='ltr'>C.</span> <span class='ocrx_word' id='word_1_327' title='bbox 1302 4490 1337 4550; x_wconf 89' lang='lat' dir='ltr'>L.</span> <span class='ocrx_word' id='word_1_328' title='bbox 1363 4493 1525 4556; x_wconf 73' lang='lat' dir='ltr'>tribueretur</span> 
     </span>
     <span class='ocr_line' id='line_1_39' title="bbox 377 4560 1523 4631; baseline 0.01 -11"><span class='ocrx_word' id='word_1_329' title='bbox 377 4561 416 4621; x_wconf 90' lang='lat' dir='ltr'><strong>V.</strong></span> <span class='ocrx_word' id='word_1_330' title='bbox 428 4566 456 4620; x_wconf 90' lang='lat'><strong>1.</strong></span> <span class='ocrx_word' id='word_1_331' title='bbox 467 4560 502 4618; x_wconf 91' lang='lat' dir='ltr'><strong>C.</strong></span> <span class='ocrx_word' id='word_1_332' title='bbox 513 4560 548 4619; x_wconf 91' lang='lat' dir='ltr'><strong>L.</strong></span> <span class='ocrx_word' id='word_1_333' title='bbox 612 4579 637 4617; x_wconf 85' lang='lat' dir='ltr'><strong>v.</strong></span> <span class='ocrx_word' id='word_1_334' title='bbox 648 4563 705 4620; x_wconf 83' lang='grc'>735</span> <span class='ocrx_word' id='word_1_335' title='bbox 734 4577 775 4617; x_wconf 82' lang='lat' dir='ltr'>oe</span> <span class='ocrx_word' id='word_1_336' title='bbox 788 4591 825 4600; x_wconf 95' lang='lat'><em>-</em></span> <span class='ocrx_word' id='word_1_337' title='bbox 838 4568 866 4617; x_wconf 88' lang='lat' dir='ltr'>te</span> <span class='ocrx_word' id='word_1_338' title='bbox 875 4564 981 4618; x_wconf 83' lang='lat' dir='ltr'>tostum</span> <span class='ocrx_word' id='word_1_339' title='bbox 992 4580 1100 4620; x_wconf 86' lang='lat' dir='ltr'>omues.</span> <span class='ocrx_word' id='word_1_340' title='bbox 1109 4561 1212 4623; x_wconf 79' lang='lat' dir='ltr'>uidebit</span> <span class='ocrx_word' id='word_1_341' title='bbox 1220 4563 1258 4624; x_wconf 90' lang='lat' dir='ltr'><strong>V.</strong></span> <span class='ocrx_word' id='word_1_342' title='bbox 1269 4571 1296 4626; x_wconf 88' lang='lat'><strong>1.</strong></span> <span class='ocrx_word' id='word_1_343' title='bbox 1310 4569 1344 4626; x_wconf 92' lang='lat' dir='ltr'><strong>C.</strong></span> <span class='ocrx_word' id='word_1_344' title='bbox 1356 4590 1429 4629; x_wconf 85' lang='lat' dir='ltr'>corr.</span> <span class='ocrx_word' id='word_1_345' title='bbox 1439 4572 1475 4631; x_wconf 90' lang='lat' dir='ltr'><strong>B.</strong></span> <span class='ocrx_word' id='word_1_346' title='bbox 1487 4592 1523 4631; x_wconf 89' lang='lat' dir='ltr'>ex</span> 
     </span>
     <span class='ocr_line' id='line_1_40' title="bbox 375 4579 1524 4714; baseline 0.01 -17"><span class='ocrx_word' id='word_1_347' title='bbox 375 4638 414 4697; x_wconf 90' lang='lat' dir='ltr'><strong>V.</strong></span> <span class='ocrx_word' id='word_1_348' title='bbox 433 4643 477 4707; x_wconf 85' lang='grc'>2.,</span> <span class='ocrx_word' id='word_1_349' title='bbox 502 4638 532 4694; x_wconf 88' lang='lat' dir='ltr'>in</span> <span class='ocrx_word' id='word_1_350' title='bbox 552 4654 609 4714; x_wconf 91' lang='lat' dir='ltr'>quo</span> <span class='ocrx_word' id='word_1_351' title='bbox 629 4645 686 4706; x_wconf 87' lang='lat' dir='ltr'>est,</span> <span class='ocrx_word' id='word_1_352' title='bbox 713 4579 879 4694; x_wconf 76' lang='lat' dir='ltr'>destituente</span> <span class='ocrx_word' id='word_1_353' title='bbox 901 4641 1008 4695; x_wconf 80' lang='lat' dir='ltr'>tostum</span> <span class='ocrx_word' id='word_1_354' title='bbox 1122 4659 1149 4697; x_wconf 81' lang='lat' dir='ltr'><strong>v.</strong></span> <span class='ocrx_word' id='word_1_355' title='bbox 1163 4644 1220 4699; x_wconf 90' lang='grc'>736</span> <span class='ocrx_word' id='word_1_356' title='bbox 1246 4643 1524 4707; x_wconf 75' lang='lat' dir='ltr'>Duodeeotbemoriis</span> 
     </span>
    </p>

    <p class='ocr_par' dir='ltr' id='par_1_14' title="bbox 321 4711 1523 4804">
     <span class='ocr_line' id='line_1_41' title="bbox 321 4711 1523 4804; baseline 0.008 -31"><span class='ocrx_word' id='word_1_357' title='bbox 321 4733 326 4744; x_wconf 92' lang='grc'><strong><em>·</em></strong></span> <span class='ocrx_word' id='word_1_358' title='bbox 377 4717 470 4791; x_wconf 65' lang='lat' dir='ltr'>doeio</span> <span class='ocrx_word' id='word_1_359' title='bbox 488 4713 525 4772; x_wconf 91' lang='lat' dir='ltr'><strong>V.</strong></span> <span class='ocrx_word' id='word_1_360' title='bbox 536 4718 563 4772; x_wconf 91' lang='lat'><strong>1.</strong></span> <span class='ocrx_word' id='word_1_361' title='bbox 575 4711 611 4774; x_wconf 90' lang='lat' dir='ltr'><strong>C.</strong></span> <span class='ocrx_word' id='word_1_362' title='bbox 621 4713 656 4771; x_wconf 89' lang='lat' dir='ltr'><strong>L.</strong></span> <span class='ocrx_word' id='word_1_363' title='bbox 676 4712 818 4788; x_wconf 78' lang='lat' dir='ltr'>(sedhic,</span> <span class='ocrx_word' id='word_1_364' title='bbox 837 4713 924 4789; x_wconf 69' lang='lat' dir='ltr'>eqni)</span> <span class='ocrx_word' id='word_1_365' title='bbox 945 4746 983 4755; x_wconf 91' lang='lat'><strong>—</strong></span> <span class='ocrx_word' id='word_1_366' title='bbox 1003 4713 1086 4773; x_wconf 80' lang='lat' dir='ltr'>duret</span> <span class='ocrx_word' id='word_1_367' title='bbox 1105 4733 1214 4780; x_wconf 87' lang='lat' dir='ltr'>omnes.</span> <span class='ocrx_word' id='word_1_368' title='bbox 1296 4741 1324 4780; x_wconf 84' lang='lat' dir='ltr'>r.</span> <span class='ocrx_word' id='word_1_369' title='bbox 1337 4725 1395 4782; x_wconf 86' lang='grc'>737</span> <span class='ocrx_word' id='word_1_370' title='bbox 1414 4741 1523 4804; x_wconf 70' lang='lat' dir='ltr'>quoqu</span> 
     </span>
    </p>

    <p class='ocr_par' dir='ltr' id='par_1_15' title="bbox 376 4788 988 4854">
     <span class='ocr_line' id='line_1_42' title="bbox 376 4788 988 4854; baseline 0 -3"><span class='ocrx_word' id='word_1_371' title='bbox 376 4809 487 4853; x_wconf 59' lang='lat' dir='ltr'><strong>omnes·</strong></span> <span class='ocrx_word' id='word_1_372' title='bbox 506 4808 561 4852; x_wconf 61' lang='lat' dir='ltr'>”w</span> <span class='ocrx_word' id='word_1_373' title='bbox 579 4809 635 4854; x_wconf 67' lang='lat' dir='ltr'>om·</span> <span class='ocrx_word' id='word_1_374' title='bbox 654 4789 691 4852; x_wconf 77' lang='lat' dir='ltr'>Le</span> <span class='ocrx_word' id='word_1_375' title='bbox 711 4789 749 4851; x_wconf 77' lang='lat' dir='ltr'>Ge</span> <span class='ocrx_word' id='word_1_376' title='bbox 770 4788 805 4849; x_wconf 72' lang='lat' dir='ltr'>C·</span> <span class='ocrx_word' id='word_1_377' title='bbox 824 4790 988 4851; x_wconf 63' lang='lat' dir='ltr'>md&#39;vszs</span> 
     </span>
    </p>
   </div>
   <div class='ocr_carea' id='block_1_8' title="bbox 0 0 1854 5609">
    <p class='ocr_par' dir='ltr' id='par_1_16' title="bbox 0 0 1854 5609">
     <span class='ocr_line' id='line_1_43' title="bbox 0 0 1854 5609; baseline 0 1"><span class='ocrx_word' id='word_1_378' title='bbox 0 0 1854 5609; x_wconf 95' lang='lat' dir='ltr'> </span> 
     </span>
    </p>
   </div>
  </div>
 </body>
</html>
