3700 5609
374 616 423 693 20
773 623 878 694 Licea
900 626 923 694 l.
966 614 1209 729 osted-4392]

444 795 544 864 Lacte
567 798 634 863 lero
658 785 808 865 crescens
830 796 871 863 ad
893 796 1025 863 fulmina
1046 789 1176 886 uimque
1198 788 1347 877 tonandi3
1450 787 1454 794 ⁴

442 906 536 973 Hanc
558 930 635 996 ergo
659 909 795 973 aeternis
817 907 931 972 merito
954 906 1093 972 sacravit
1114 908 1144 972 in
1168 909 1260 973 astris

392 1014 585 1107 stoluppiter
607 1026 639 1084 et
660 1016 742 1083 caeli
763 1015 889 1083 caelum
910 1015 1061 1082 mercede
1081 1016 1241 1104 rependit3

441 1126 654 1217 Pleiadesque
675 1125 880 1215 Hyadesque,
903 1126 961 1191 feri
980 1147 1055 1214 pars
1077 1128 1210 1216 iuraque
1233 1118 1332 1192 'l'anri

442 1234 477 1302 ln
500 1236 631 1302 boream
653 1236 819 1301 scandunt.
862 1233 954 1301 llaec
976 1244 1051 1300 sunt
1075 1234 1233 1325 aquilonia
1255 1236 1355 1324 signa.

505 1346 623 1435 Aspice
644 1365 729 1410 nnnc
750 1347 831 1411 infra
853 1344 930 1410 solis
948 1345 1111 1433 surgentia
1134 1366 1256 1427 cursus,

441 1455 534 1540 Quae
556 1477 654 1545 super
676 1462 806 1521 exustas
827 1453 979 1521 labuntur
1001 1451 1107 1518 sidera
1131 1463 1241 1536 terras,

391 1582 430 1623 ³⁷⁵
444 1565 600 1655 Quaeque
623 1568 705 1632 intra
727 1563 868 1653 gelidum
889 1564 1077 1651 Capricomi
1098 1564 1185 1630 sidus
1209 1575 1242 1631 et
1262 1587 1358 1632 axem

440 1672 507 1740 lmo
530 1674 702 1740 subnixum
723 1682 893 1740 vertuntur
914 1673 1035 1740 lumina
1057 1674 1177 1740 mundo
1187 1699 1199 1755 ;·

440 1782 550 1851 Altera
571 1808 644 1875 pars
667 1783 751 1850 orbis
773 1784 833 1850 sub
856 1784 926 1873 quis
948 1785 1032 1849 iacet
1052 1784 1137 1849 invia
1160 1782 1250 1849 nobis

441 1892 637 1985 Ignotaeque
659 1891 824 1959 hominum
845 1904 968 1983 gentes,
991 1916 1051 1961 nec
1072 1894 1205 1960 transita
1225 1916 1335 1984 regna,

442 2004 624 2072 Commune
647 2027 689 2070 ex
710 2025 775 2069 uno
797 2002 908 2069 lumen
929 2004 1079 2070 ducentia
1101 2003 1179 2083 sole,

392 2110 665 2201 ³⁸⁰Diversasque
688 2112 816 2177 umbras
838 2111 1029 2202 laevamque
1051 2112 1197 2178 cadentia
1219 2113 1320 2201 signa,

438 2220 482 2287 Et
502 2222 633 2288 dextros
657 2230 746 2288 ortus
769 2222 859 2289 caelo
882 2223 1060 2313 spectantia
1082 2244 1187 2288 verso.

440 2329 513 2397 Nec
535 2332 639 2398 minor
661 2341 711 2399 est
730 2332 791 2399 illis
813 2334 963 2415 mundus,
984 2357 1046 2401 nec
1067 2335 1188 2401 lumine
1208 2333 1307 2423 peior,

440 2438 513 2506 Nec
535 2464 707 2509 numerosa
728 2444 832 2508 minus
856 2454 1031 2510 nascuntur·
1051 2443 1156 2511 sidera
1177 2447 1210 2510 in
1232 2443 1319 2508 orbe.

378 2641 380 2645 ι
442 2549 560 2617 Cetera
582 2576 647 2619 non
670 2553 804 2633 cedunt;
828 2577 891 2618 uno
915 2554 1086 2619 vincuntur
1107 2556 1139 2620 in
1161 2563 1247 2619 astro

390 2660 600 2749 astragum,
625 2661 712 2744 sidus
734 2671 843 2727 nostro
867 2663 954 2753 quod
976 2664 1109 2753 contigit
1130 2663 1212 2745 orbi;

442 2769 565 2836 Caesar
585 2793 671 2836 nunc
695 2772 798 2852 terris,
819 2781 893 2861 post
914 2770 1005 2838 caelo
1028 2774 1187 2838 maximus
1210 2781 1331 2838 auctor.

377 2896 396 2920 ·'
440 2879 584 2947 Cernere
607 2881 747 2946 vicinum
770 2880 913 2948 Geminis
935 2881 1011 2949 licet
1033 2881 1164 2965 Oriona,

376 3001 386 3011 '
428 2987 473 3056 ‘ln
496 3009 646 3079 magnam
669 2990 749 3057 caeli
770 2992 956 3057 tendentem
978 2990 1107 3058 brachia
1128 3001 1264 3081 partem
1364 3034 1366 3038 -

437 3098 510 3167 Nee
531 3102 635 3165 minus
659 3111 789 3168 extento
818 3112 1004 3191 surgentem
1031 3102 1134 3167 sidera
1162 3126 1275 3191 passu3

378 3194 578 3299 'soo'Singula
598 3209 757 3297 fulgentes
779 3209 931 3277 humeros
955 3194 1006 3277 cui
1027 3209 1148 3279 lumina
1171 3214 1306 3302 signant,

377 3378 394 3388 ,.
438 3318 482 3386 Et
503 3317 600 3384 tribus
623 3318 758 3409 obliquis
781 3318 938 3385 demissus
960 3321 1085 3387 ducitur
1108 3324 1201 3389 ensis.

438 3427 488 3503 At
502 3435 601 3516 caput
620 3427 720 3494 Orion
743 3426 873 3495 excelso
895 3428 1070 3500 immensus
1094 3431 1233 3524 Olympo

373 3708 408 3795 rt.
428 3725 459 3765 r.
473 3711 527 3766 371
548 3706 665 3767 Pleides
683 3742 722 3751 —
741 3721 861 3787 utraque
944 3730 970 3769 v.
985 3715 1042 3771 377
1061 3716 1113 3771 sub
1134 3715 1216 3791 aquis
1300 3733 1325 3774 v.
1340 3718 1398 3776 380
1417 3667 1558 3796 laevaque

432 3802 459 3843 v.
472 3787 530 3844 389
550 3783 589 3841 ad
608 3784 705 3844 sidera
782 3806 808 3845 v.
823 3790 880 3847 392
899 3787 945 3843 Ad
965 3808 989 3847 c.

373 3904 407 3963 S.
431 3921 459 3961 r.
472 3904 683 3963 371.Pleiades
702 3936 741 3947 -
760 3915 881 3982 utraque
958 3927 985 3965 v.
999 3912 1055 3967 375
1076 3918 1106 3967 et
1124 3929 1178 3967 axe
1259 3928 1286 3967 r.
1302 3914 1358 3969 376
1378 3910 1475 3970 sidera
1493 3931 1577 3970 mun·

431 3980 499 4037 duur
575 4001 617 4039 vs.
631 3985 688 4040 377
707 3982 746 4039 ad
765 3986 822 4041 386
842 3984 908 4041 incl.
928 3984 1066 4060 relegarit
1106 3995 1152 4043 ost
1169 4006 1211 4043 vs.
1224 3985 1282 4045 448
1302 3988 1387 4055 Quae
1402 3997 1457 4046 eto.
1471 3989 1578 4047 refutat

378 4078 381 4086 ·
430 4056 526 4116 Bentl.
571 4127 578 4133 ·
614 4077 641 4115 v.
655 4062 713 4116 377
732 4060 785 4115 sub
805 4061 887 4135 aquis
971 4079 997 4118 v.
1010 4066 1069 4121 382
1085 4006 1228 4138 laevaque
1305 4082 1331 4121 v.
1346 4067 1403 4123 389
1423 4064 1462 4121 ad
1481 4065 1578 4124 sidera

372 4165 409 4234 Β.
429 4195 456 4235 v.
471 4181 525 4235 371
548 4183 578 4233 et
595 4180 634 4236 72
652 4178 805 4255 proscribit
898 4198 924 4237 r.
939 4183 996 4238 382
1015 4180 1154 4258 laevaque
1252 4201 1277 4240 v,
1292 4187 1348 4243 383
1373 4184 1403 4240 in
1422 4182 1520 4240 orbem

375 4259 380 4323 ᾗ
430 4263 456 4310 v'.
470 4256 526 4311 385
547 4254 596 4329 qui
662 4273 687 4310 v.
703 4256 760 4312 388
779 4254 953 4332 pandentem
1017 4275 1043 4313 r.
1058 4261 1115 4317 389
1136 4258 1174 4315 ad
1195 4258 1249 4317 sid.
1307 4279 1334 4318 r.
1349 4263 1406 4319 392
1425 4260 1575 4317 immersus

374 4369 413 4427 V.
432 4388 458 4425 r.
470 4373 524 4427 371
546 4371 731 4449 Pleiadasque
752 4392 860 4431 omnes.
893 4367 1014 4451 utroque
1032 4376 1069 4432 V.
1086 4380 1113 4433 1.
1131 4382 1158 4434 2.
1181 4378 1217 4435 G.
1241 4379 1275 4436 C.
1305 4382 1427 4453 turaque
1444 4379 1480 4435 L.
1508 4379 1576 4453 qnia

428 4447 458 4501 in
478 4446 578 4501 'sauro
599 4458 676 4517 sunt,
697 4451 758 4506 eius
779 4450 808 4505 in
827 4450 890 4506 iure
910 4451 1044 4508 dicuntur
1062 4471 1127 4510 esse
1148 4462 1177 4510 et
1196 4455 1430 4513 adnumerandae
1442 4455 1574 4530 adaqni·

429 4522 507 4577 lonia
528 4522 624 4597 signa3
643 4526 783 4583 scandunt
802 4526 888 4601 igitur
898 4528 928 4582 in
948 4529 1064 4585 boream
1084 4538 1114 4586 et
1133 4530 1201 4587 illuc
1217 4540 1383 4610 properant,
1404 4549 1576 4607 quamquam

373 4625 378 4633 ·
428 4598 561 4654 austrinis
585 4601 741 4676 proximae.
780 4602 919 4659 Defendit
939 4621 956 4659 a
974 4604 1070 4662 Bentl.
1090 4604 1239 4682 Pingreus.
1356 4627 1382 4666 v.
1396 4612 1453 4667 376
1479 4607 1576 4665 sidera

376 4673 525 4730 ··mund.
547 4674 584 4731 G.
681 4677 1064 4754 contemptumne.
1163 4702 1187 4742 r.
1201 4689 1259 4745 380
1285 4685 1447 4762 luteumque
1465 4703 1575 4743 omnes.

426 4768 454 4809 t.
467 4752 525 4811 389
543 4758 704 4829 torpentem
722 4752 819 4813 sideru
838 4774 947 4815 omnes.
1340 4806 1356 4817 ..
1384 4807 1390 4818 .
1429 4814 1432 4821 .
1487 4811 1519 4822 ,.
