3700 5609
691 594 843 666 Lissab
887 623 918 665 v.
942 599 1132 667 trs-503.

388 767 460 837 Nec
483 769 654 861 quicquam
675 776 707 835 in
729 778 818 835 tanta
845 770 948 858 magis
976 778 1025 835 est
1045 765 1189 833 mirabile
1210 765 1307 849 mole,

389 879 496 965 Quam
518 884 598 948 ratio
628 890 660 946 et
689 884 784 947 certis
813 879 898 970 qnod
929 879 1054 968 legibus
1084 878 1191 945 omnia
1211 887 1335 966 parent.

336 989 558 1081 thusquam
581 992 672 1057 turba
694 1001 800 1073 nocet,
821 990 897 1056 nihil
919 990 991 1056 ullis
1014 988 1156 1079 partibus
1176 996 1269 1067 errat,

388 1098 509 1167 Laxius
531 1112 586 1168 aut
605 1101 712 1167 levius·
732 1109 898 1166 rnutatove
922 1100 1034 1165 ordine
1055 1099 1164 1165 fertur.

390 1211 475 1297 Quid
503 1219 568 1276 tam
596 1213 765 1278 contusum
794 1211 916 1299 specie,
946 1211 1020 1299 quid
1048 1217 1114 1275 tam
1140 1209 1212 1275 vice
1240 1216 1364 1275 certum
1391 1206 1462 1275 est?

449 1322 498 1387 Ac
520 1320 596 1387 mibi
619 1331 684 1387 tam
706 1343 858 1411 praesens
882 1322 962 1386 ratio
985 1343 1049 1385 non
1074 1319 1138 1385 ulla
1159 1319 1294 1399 videtur,

341 1441 344 1447 '
390 1431 463 1517 Qua
485 1440 594 1521 pateat
616 1431 771 1497 mundum
794 1430 900 1495 divino
924 1432 1054 1497 nurnine
1076 1432 1166 1512 verti,

337 1556 377 1598 ⁴⁸⁵
390 1542 495 1633 Atque
517 1542 623 1633 ipsum
645 1564 718 1607 esse
740 1542 850 1622 dernn,
878 1564 939 1607 nec
962 1544 1043 1608 forte
1066 1542 1170 1607 coisse
1191 1540 1359 1629 magistra,
1378 1573 1421 1588 -

388 1651 433 1719 Ut
454 1651 555 1719 voluit
576 1653 673 1732 credi,
696 1655 750 1742 qui
772 1654 892 1741 primus
916 1654 1043 1718 moenia
1064 1651 1174 1717 mundi

388 1761 572 1830 Seminibus
594 1765 711 1829 struxit
731 1764 868 1828 minimis
890 1765 987 1851 inque
1008 1760 1062 1826 illa
1084 1760 1230 1842 resolvit3

359 1924 363 1929 .
390 1870 418 1937 E
443 1873 514 1961 quis
538 1883 570 1939 et
591 1874 691 1938 maria
714 1881 746 1937 et
767 1881 869 1937 terras
891 1881 924 1937 et
945 1870 1049 1936 sidera
1072 1869 1153 1936 caeli

389 1980 591 2073 Aetheraque
612 1983 787 2047 immensos
809 1980 1017 2046 fabricantem
1039 1978 1151 2045 finibus
1174 1980 1267 2047 orbes

336 2090 643 2182 nasalvenremque
666 2089 745 2157 alios
769 2090 909 2157 conflare
933 2100 965 2156 et
988 2099 1103 2156 cuncta
1125 2092 1243 2157 reverti

388 2199 421 2266 in
445 2224 502 2268 sua
524 2204 679 2291 principia
704 2211 736 2267 et
757 2223 864 2266 reruni
886 2210 1011 2285 mutare
1033 2199 1161 2290 figuras.

389 2311 469 2397 Quis
492 2313 602 2379 credat
622 2322 727 2379 tantas
749 2334 884 2401 operum
906 2313 975 2377 sine
997 2311 1128 2376 numine
1149 2309 1274 2377 moles?
1352 2367 1355 2371 ,

387 2421 440 2489 Ex
461 2424 599 2488 minimis
621 2445 783 2514 caecoque
807 2430 951 2489 creatum
973 2420 1103 2487 foedere
1124 2420 1304 2487 mundum?

387 2533 422 2599 Si
444 2534 509 2599 sors
531 2535 592 2599 ista
615 2532 702 2599 dedit
723 2534 824 2613 nobis,
847 2532 912 2597 fors
934 2532 1004 2621 ipsa
1026 2530 1198 2620 gubernet3

337 2658 376 2700 ⁴0⁶
390 2643 432 2707 At
454 2666 511 2711 cur
533 2643 692 2733 dispositis
713 2642 835 2709 vicibus
858 2663 1052 2729 consurgere
1075 2643 1175 2729 signa,

390 2755 432 2821 Et
452 2754 542 2822 velut
562 2754 695 2843 imperio
719 2755 934 2843 praescriptos
955 2751 1090 2817 reddere
1114 2773 1227 2817 cursus

388 2865 568 2946 Cernimus,
591 2887 630 2930 ac
651 2862 744 2929 nullis
766 2861 1011 2952 properantibus
1033 2860 1098 2927 ulla
1119 2859 1276 2951 relinqui?

390 2976 458 3043 Cur
480 2975 594 3042 eadem
616 2975 754 3041 aestivas
777 2981 936 3038 exornant
956 2971 1061 3038 sidera
1082 2972 1185 3037 noctis

388 3086 535 3176 Semper,
559 3094 590 3151 et
611 3083 760 3150 hibernas
783 3080 918 3148 eadem?
942 3090 1127 3169 certamque
1148 3078 1283 3169 figuram

337 3215 377 3255 ⁶00
391 3196 535 3287 Quisque
559 3197 625 3263 dies
646 3195 752 3261 reddit
773 3193 910 3273 mundo,
941 3200 1125 3280 certamque
1147 3189 1319 3282 relinquit?

386 3305 454 3373 Iam
476 3316 554 3389 turn,
578 3329 652 3373 cunr
675 3305 791 3372 Graiae
812 3311 978 3371 verterunt
999 3300 1159 3390 Pergama
1181 3312 1302 3391 gentes,

388 3418 502 3484 Arctos
526 3426 559 3485 et
581 3417 681 3483 Orion
704 3415 847 3481 adversis
868 3412 1023 3480 frontibus
1046 3410 1147 3494 ibant3

387 3526 477 3594 Haec
499 3537 648 3595 contenta
671 3549 747 3591 suos
769 3526 802 3590 in
825 3525 945 3590 vertice
967 3523 1097 3589 flectere
1119 3546 1226 3611 gyros,

320 3686 356 3741 A.
382 3702 409 3743 r.
423 3686 480 3744 480
500 3686 557 3741 illis
650 3702 676 3739 v.
690 3684 744 3744 481
766 3683 867 3740 Latius
887 3691 916 3739 et
1009 3698 1034 3737 v.
1049 3680 1105 3739 485
1126 3689 1202 3738 sorte
1302 3702 1328 3741 r.
1340 3682 1398 3743 488
1417 3684 1524 3762 Aequis

379 3779 405 3818 v.
419 3761 477 3822 490
497 3771 627 3819 constare

322 3872 355 3929 S.
380 3891 407 3931 v.
422 3872 477 3933 481
498 3873 605 3931 Laxius
627 3880 656 3929 et
732 3891 757 3929 v.
771 3873 829 3932 490
849 3829 1002 3928 constare
1059 3886 1085 3924 v.
1099 3866 1156 3926 494
1175 3868 1316 3945 gubernat

321 3982 357 4040 B.
379 4002 405 4040 v.
418 3984 473 4042 481
496 3993 546 4041 aut
565 3982 678 4039 brevius
755 3999 782 4037 r.
796 3981 853 4039 489
873 3981 1017 4037 immensis
1096 3998 1121 4036 v.
1135 3977 1193 4038 490
1212 3987 1343 4037 constare
1429 4000 1455 4040 v.
1468 3983 1526 4043 492

380 4068 410 4117 et
427 4061 485 4121 493
504 4060 622 4118 inducit.

321 4169 359 4226 V.
380 4188 406 4226 v.
420 4170 473 4228 481
497 4173 612 4227 Larius
631 4178 660 4227 ot
680 4171 714 4226 L.
737 4169 774 4225 G.
797 4168 832 4225 C.
859 4168 948 4225 Arius
967 4174 996 4225 st
1014 4166 1051 4223 V.
1072 4170 1099 4224 1.
1124 4170 1152 4224 2.
1178 4176 1231 4226 out
1253 4188 1271 4226 a
1288 4169 1385 4227 Bentl.
1406 4172 1524 4250 sumpsi.

379 4246 459 4303 Fort.
480 4251 576 4305 acrius
597 4254 624 4303 ct
644 4246 737 4303 levius
756 4247 861 4303 rectius
881 4244 967 4301 soret.
1055 4261 1081 4298 v.
1096 4244 1153 4301 490
1173 4253 1302 4304 constare
1321 4265 1429 4304 ornnes.
1460 4268 1524 4307 cor·

287 4371 290 4374 .
310 4333 314 4342 ’
379 4324 440 4380 rexi
460 4341 524 4398 ego.
564 4322 596 4379 Si
616 4330 750 4380 constare
769 4341 875 4389 servas,
897 4321 937 4376 ait
956 4320 1074 4378 aethera
1093 4318 1234 4379 fabricare
1255 4333 1284 4381 et
1296 4322 1406 4381 solvere
1419 4325 1524 4383 sidera.

380 4399 469 4467 Quod
488 4417 633 4474 nunquam
651 4400 793 4477 Epicurus
813 4398 931 4477 putavit.
961 4397 994 4454 si
1014 4392 1140 4468 coartare
1160 4399 1274 4467 scribis,
1299 4400 1443 4457 fortunam
1462 4421 1524 4461 rna·

378 4478 495 4553 gistrarn
522 4475 591 4532 dicit
615 4493 651 4534 ex
675 4476 777 4532 atomis
810 4483 934 4552 quatuor
963 4475 1104 4532 sternenta
1134 4473 1258 4534 conflare
1283 4476 1472 4535 fabricantem
1497 4487 1527 4537 et

310 4551 313 4555 ’
380 4553 536 4612 solventem
555 4552 687 4609 mundos.
728 4551 816 4620 Quod
835 4569 933 4608 verum
953 4560 1006 4609 est.
1115 4566 1139 4604 v.
1153 4552 1210 4612 493
1235 4552 1337 4625 foedus
1358 4552 1427 4609 dicit
1444 4554 1524 4631 leges

378 4641 510 4701 naturae;
532 4647 605 4705 quae
626 4629 693 4704 quia
714 4632 750 4686 ab
768 4630 894 4709 Epicuro
914 4629 948 4695 in,
964 4646 1032 4685 casu
1051 4637 1209 4706 ponuntur,
1230 4630 1311 4711 ipsae
1332 4647 1430 4687 roaros
1450 4640 1524 4689 sunt.

309 4702 315 4711 '
379 4723 405 4763 v.
419 4707 476 4767 498
495 4710 587 4765 noctis
606 4723 679 4762 unus
699 4707 750 4774 L.‚
770 4714 915 4763 corrector
934 4724 1076 4786 superscr.
1097 4723 1121 4762 e.
1209 4725 1234 4765 r.
1249 4710 1306 4767 502
1326 4723 1382 4764 orn.
1402 4706 1478 4779 hunc
1497 4716 1526 4765 et

310 4793 315 4805 ·
357 4781 480 4861 -·sq.'V.
493 4787 522 4843 2.
601 4784 699 4843 r.502
717 4783 826 4842 Arctus
846 4783 884 4840 G.
904 4782 939 4841 L.
1362 4791 1365 4797 ’
1418 4801 1422 4805 ’
