<?xml version="1.0" encoding="UTF-8"?>
<!DOCTYPE html PUBLIC "-//W3C//DTD XHTML 1.0 Transitional//EN"
    "http://www.w3.org/TR/xhtml1/DTD/xhtml1-transitional.dtd">
<html xmlns="http://www.w3.org/1999/xhtml" xml:lang="en" lang="en">
 <head>
  <title>
</title>
<meta http-equiv="Content-Type" content="text/html;charset=utf-8" />
  <meta name='ocr-system' content='tesseract 3.04.00' />
  <meta name='ocr-capabilities' content='ocr_page ocr_carea ocr_par ocr_line ocrx_word'/>
</head>
<body>
  <div class='ocr_page' id='page_1' title='image "./mmaniliastronom00jacogoog/mmaniliastronom00jacogoog_0085.png"; bbox 0 0 3700 5609; ppageno 0'>
   <div class='ocr_carea' id='block_1_1' title="bbox 688 570 1139 644">
    <p class='ocr_par' dir='ltr' id='par_1_1' title="bbox 688 570 1139 644">
     <span class='ocr_line' id='line_1_1' title="bbox 688 570 1139 644; baseline 0.007 -3"><span class='ocrx_word' id='word_1_1' title='bbox 688 570 794 642; x_wconf 75' lang='lat' dir='ltr'>Lissa</span> <span class='ocrx_word' id='word_1_2' title='bbox 815 570 850 642; x_wconf 87' lang='grc' dir='ltr'>ΙΙ.</span> <span class='ocrx_word' id='word_1_3' title='bbox 893 599 922 641; x_wconf 87' lang='lat' dir='ltr'>v.</span> <span class='ocrx_word' id='word_1_4' title='bbox 947 583 1139 644; x_wconf 76' lang='lat' dir='ltr'>aaa-ate.</span> 
     </span>
    </p>
   </div>
   <div class='ocr_carea' id='block_1_2' title="bbox 325 746 1317 2814">
    <p class='ocr_par' dir='ltr' id='par_1_2' title="bbox 325 746 1317 2814">
     <span class='ocr_line' id='line_1_2' title="bbox 381 746 1118 836; baseline -0.004 -21"><span class='ocrx_word' id='word_1_5' title='bbox 381 746 427 815; x_wconf 86' lang='lat' dir='ltr'>Ut</span> <span class='ocrx_word' id='word_1_6' title='bbox 449 768 532 836; x_wconf 92' lang='lat' dir='ltr'>quae</span> <span class='ocrx_word' id='word_1_7' title='bbox 554 755 681 814; x_wconf 81' lang='lat' dir='ltr'>terrena</span> <span class='ocrx_word' id='word_1_8' title='bbox 702 755 874 813; x_wconf 79' lang='lat' dir='ltr'>censentur</span> <span class='ocrx_word' id='word_1_9' title='bbox 895 746 1001 812; x_wconf 88' lang='lat' dir='ltr'>sidera</span> <span class='ocrx_word' id='word_1_10' title='bbox 1021 755 1118 829; x_wconf 81' lang='lat' dir='ltr'>sorte,</span> 
     </span>
     <span class='ocr_line' id='line_1_3' title="bbox 383 856 1221 947; baseline 0 -23"><span class='ocrx_word' id='word_1_11' title='bbox 383 856 539 947; x_wconf 77' lang='lat' dir='ltr'>Princeps</span> <span class='ocrx_word' id='word_1_12' title='bbox 563 858 697 924; x_wconf 83' lang='lat' dir='ltr'>armenti</span> <span class='ocrx_word' id='word_1_13' title='bbox 718 856 855 936; x_wconf 90' lang='lat' dir='ltr'>Taurus,</span> <span class='ocrx_word' id='word_1_14' title='bbox 877 880 1043 947; x_wconf 86' lang='lat' dir='ltr'>regnoque</span> <span class='ocrx_word' id='word_1_15' title='bbox 1066 857 1221 947; x_wconf 91' lang='lat' dir='ltr'>superbus</span> 
     </span>
     <span class='ocr_line' id='line_1_4' title="bbox 383 966 1201 1057; baseline -0.001 -25"><span class='ocrx_word' id='word_1_16' title='bbox 383 966 534 1055; x_wconf 79' lang='lat' dir='ltr'>Lanigeri</span> <span class='ocrx_word' id='word_1_17' title='bbox 555 968 661 1057; x_wconf 83' lang='lat' dir='ltr'>gregis</span> <span class='ocrx_word' id='word_1_18' title='bbox 685 977 735 1033; x_wconf 89' lang='lat' dir='ltr'>est</span> <span class='ocrx_word' id='word_1_19' title='bbox 755 966 857 1048; x_wconf 82' lang='lat' dir='ltr'>An’es,</span> <span class='ocrx_word' id='word_1_20' title='bbox 879 969 1042 1057; x_wconf 78' lang='lat' dir='ltr'><strong>pestisque</strong></span> <span class='ocrx_word' id='word_1_21' title='bbox 1066 967 1201 1033; x_wconf 86' lang='lat' dir='ltr'>duorum</span> 
     </span>
     <span class='ocr_line' id='line_1_5' title="bbox 381 1075 1180 1167; baseline -0.003 -22"><span class='ocrx_word' id='word_1_22' title='bbox 381 1076 622 1165; x_wconf 87' lang='lat' dir='ltr'>Praedatorque</span> <span class='ocrx_word' id='word_1_23' title='bbox 643 1075 722 1159; x_wconf 89' lang='lat' dir='ltr'>Leo,</span> <span class='ocrx_word' id='word_1_24' title='bbox 746 1076 887 1142; x_wconf 89' lang='lat' dir='ltr'>dumosis</span> <span class='ocrx_word' id='word_1_25' title='bbox 910 1077 1064 1167; x_wconf 87' lang='lat' dir='ltr'>Scorpius</span> <span class='ocrx_word' id='word_1_26' title='bbox 1087 1078 1180 1143; x_wconf 87' lang='lat' dir='ltr'>arvis.</span> 
     </span>
     <span class='ocr_line' id='line_1_6' title="bbox 328 1183 1160 1277; baseline -0.005 -22"><span class='ocrx_word' id='word_1_27' title='bbox 328 1207 370 1247; x_wconf 74' lang='lat'>2³⁰</span> <span class='ocrx_word' id='word_1_28' title='bbox 382 1188 467 1255; x_wconf 85' lang='lat' dir='ltr'>Sunt</span> <span class='ocrx_word' id='word_1_29' title='bbox 488 1188 584 1252; x_wconf 87' lang='lat' dir='ltr'>etiam</span> <span class='ocrx_word' id='word_1_30' title='bbox 605 1187 730 1254; x_wconf 88' lang='lat' dir='ltr'>mediae</span> <span class='ocrx_word' id='word_1_31' title='bbox 752 1186 832 1275; x_wconf 86' lang='lat' dir='ltr'>legis</span> <span class='ocrx_word' id='word_1_32' title='bbox 847 1183 1037 1254; x_wconf 67' lang='lat' dir='ltr'>⁴communia</span> <span class='ocrx_word' id='word_1_33' title='bbox 1060 1189 1160 1277; x_wconf 85' lang='lat' dir='ltr'>signa,</span> 
     </span>
     <span class='ocr_line' id='line_1_7' title="bbox 384 1297 1245 1387; baseline -0.003 -23"><span class='ocrx_word' id='word_1_34' title='bbox 384 1297 562 1387; x_wconf 85' lang='lat' dir='ltr'>Ambiguus</span> <span class='ocrx_word' id='word_1_35' title='bbox 586 1306 691 1363; x_wconf 86' lang='lat' dir='ltr'>terrae</span> <span class='ocrx_word' id='word_1_36' title='bbox 713 1297 938 1386; x_wconf 84' lang='lat' dir='ltr'>Capricornus,</span> <span class='ocrx_word' id='word_1_37' title='bbox 961 1298 1118 1387; x_wconf 84' lang='lat' dir='ltr'>Aquarius</span> <span class='ocrx_word' id='word_1_38' title='bbox 1141 1298 1245 1377; x_wconf 90' lang='lat' dir='ltr'>undis,</span> 
     </span>
     <span class='ocr_line' id='line_1_8' title="bbox 380 1407 1302 1497; baseline -0.002 -22"><span class='ocrx_word' id='word_1_39' title='bbox 380 1408 461 1475; x_wconf 90' lang='lat' dir='ltr'>Pars</span> <span class='ocrx_word' id='word_1_40' title='bbox 484 1408 591 1488; x_wconf 89' lang='lat' dir='ltr'>maris,</span> <span class='ocrx_word' id='word_1_41' title='bbox 613 1429 693 1473; x_wconf 91' lang='lat' dir='ltr'>urna</span> <span class='ocrx_word' id='word_1_42' title='bbox 714 1409 818 1473; x_wconf 91' lang='lat' dir='ltr'>nitens</span> <span class='ocrx_word' id='word_1_43' title='bbox 841 1407 1003 1473; x_wconf 82' lang='lat' dir='ltr'>fundentis</span> <span class='ocrx_word' id='word_1_44' title='bbox 1025 1430 1153 1497; x_wconf 84' lang='lat' dir='ltr'>semper</span> <span class='ocrx_word' id='word_1_45' title='bbox 1175 1408 1302 1496; x_wconf 77' lang='lat' dir='ltr'>aquari,</span> 
     </span>
     <span class='ocr_line' id='line_1_9' title="bbox 380 1516 1152 1607; baseline 0 -24"><span class='ocrx_word' id='word_1_46' title='bbox 380 1517 521 1584; x_wconf 91' lang='lat' dir='ltr'>Humida</span> <span class='ocrx_word' id='word_1_47' title='bbox 544 1520 676 1584; x_wconf 88' lang='lat' dir='ltr'>terrenis</span> <span class='ocrx_word' id='word_1_48' title='bbox 700 1540 802 1607; x_wconf 91' lang='lat' dir='ltr'>aequo</span> <span class='ocrx_word' id='word_1_49' title='bbox 824 1516 869 1583; x_wconf 93' lang='lat' dir='ltr'>illi</span> <span class='ocrx_word' id='word_1_50' title='bbox 891 1517 1021 1584; x_wconf 88' lang='lat' dir='ltr'>loedere</span> <span class='ocrx_word' id='word_1_51' title='bbox 1043 1519 1152 1583; x_wconf 81' lang='lat' dir='ltr'>rroixta.</span> 
     </span>
     <span class='ocr_line' id='line_1_10' title="bbox 441 1626 1288 1708; baseline -0.005 -11"><span class='ocrx_word' id='word_1_52' title='bbox 441 1628 515 1697; x_wconf 91' lang='lat' dir='ltr'>Nou</span> <span class='ocrx_word' id='word_1_53' title='bbox 538 1626 614 1695; x_wconf 91' lang='lat' dir='ltr'>licet</span> <span class='ocrx_word' id='word_1_54' title='bbox 636 1650 653 1692; x_wconf 90' lang='lat' dir='ltr'>a</span> <span class='ocrx_word' id='word_1_55' title='bbox 675 1628 813 1693; x_wconf 91' lang='lat' dir='ltr'>minimis</span> <span class='ocrx_word' id='word_1_56' title='bbox 836 1629 978 1693; x_wconf 89' lang='lat' dir='ltr'>animum</span> <span class='ocrx_word' id='word_1_57' title='bbox 1001 1628 1171 1695; x_wconf 86' lang='lat' dir='ltr'>deflectere</span> <span class='ocrx_word' id='word_1_58' title='bbox 1194 1628 1288 1708; x_wconf 88' lang='lat' dir='ltr'>curis,</span> 
     </span>
     <span class='ocr_line' id='line_1_11' title="bbox 327 1737 1253 1829; baseline -0.004 -22"><span class='ocrx_word' id='word_1_59' title='bbox 327 1756 369 1796; x_wconf 78' lang='lat'>²³⁵</span> <span class='ocrx_word' id='word_1_60' title='bbox 382 1738 453 1807; x_wconf 88' lang='lat' dir='ltr'>Nec</span> <span class='ocrx_word' id='word_1_61' title='bbox 476 1738 650 1829; x_wconf 88' lang='lat' dir='ltr'>quidquam</span> <span class='ocrx_word' id='word_1_62' title='bbox 671 1738 800 1803; x_wconf 88' lang='lat' dir='ltr'>rationis</span> <span class='ocrx_word' id='word_1_63' title='bbox 825 1746 899 1826; x_wconf 84' lang='lat' dir='ltr'>eget</span> <span class='ocrx_word' id='word_1_64' title='bbox 919 1737 1079 1805; x_wconf 81' lang='lat' dir='ltr'>frustrare</span> <span class='ocrx_word' id='word_1_65' title='bbox 1101 1747 1253 1805; x_wconf 88' lang='lat' dir='ltr'>creatum.</span> 
     </span>
     <span class='ocr_line' id='line_1_12' title="bbox 378 1846 1297 1937; baseline 0 -24"><span class='ocrx_word' id='word_1_66' title='bbox 378 1846 566 1914; x_wconf 87' lang='lat' dir='ltr'>Fecundum</span> <span class='ocrx_word' id='word_1_67' title='bbox 589 1856 639 1913; x_wconf 90' lang='lat' dir='ltr'>est</span> <span class='ocrx_word' id='word_1_68' title='bbox 657 1848 785 1937; x_wconf 86' lang='lat' dir='ltr'>proprie</span> <span class='ocrx_word' id='word_1_69' title='bbox 808 1846 926 1913; x_wconf 91' lang='lat' dir='ltr'>Cancri</span> <span class='ocrx_word' id='word_1_70' title='bbox 948 1869 1060 1936; x_wconf 86' lang='lat' dir='ltr'>genus,</span> <span class='ocrx_word' id='word_1_71' title='bbox 1083 1871 1157 1914; x_wconf 88' lang='lat' dir='ltr'>acer</span> <span class='ocrx_word' id='word_1_72' title='bbox 1180 1858 1212 1915; x_wconf 90' lang='lat' dir='ltr'>et</span> <span class='ocrx_word' id='word_1_73' title='bbox 1231 1850 1297 1914; x_wconf 88' lang='lat' dir='ltr'>ictu</span> 
     </span>
     <span class='ocr_line' id='line_1_13' title="bbox 377 1955 1237 2047; baseline 0 -24"><span class='ocrx_word' id='word_1_74' title='bbox 377 1958 540 2045; x_wconf 87' lang='lat' dir='ltr'>Scorpios,</span> <span class='ocrx_word' id='word_1_75' title='bbox 564 1965 596 2022; x_wconf 85' lang='lat' dir='ltr'>et</span> <span class='ocrx_word' id='word_1_76' title='bbox 617 1964 711 2046; x_wconf 87' lang='lat' dir='ltr'>partu</span> <span class='ocrx_word' id='word_1_77' title='bbox 732 1955 931 2046; x_wconf 80' lang='lat' dir='ltr'>complentes</span> <span class='ocrx_word' id='word_1_78' title='bbox 955 1980 1095 2047; x_wconf 87' lang='lat' dir='ltr'>aequora</span> <span class='ocrx_word' id='word_1_79' title='bbox 1116 1956 1237 2025; x_wconf 88' lang='lat' dir='ltr'>Pisces.</span> 
     </span>
     <span class='ocr_line' id='line_1_14' title="bbox 377 2065 1226 2154; baseline -0.001 -21"><span class='ocrx_word' id='word_1_80' title='bbox 377 2065 444 2133; x_wconf 89' lang='lat' dir='ltr'>Sed</span> <span class='ocrx_word' id='word_1_81' title='bbox 466 2065 581 2131; x_wconf 85' lang='lat' dir='ltr'>sterilis</span> <span class='ocrx_word' id='word_1_82' title='bbox 603 2066 704 2154; x_wconf 86' lang='lat' dir='ltr'>Virgo</span> <span class='ocrx_word' id='word_1_83' title='bbox 726 2076 776 2132; x_wconf 88' lang='lat' dir='ltr'>est</span> <span class='ocrx_word' id='word_1_84' title='bbox 797 2066 891 2131; x_wconf 88' lang='lat' dir='ltr'>simili</span> <span class='ocrx_word' id='word_1_85' title='bbox 914 2069 1084 2134; x_wconf 87' lang='lat' dir='ltr'>coniuncta</span> <span class='ocrx_word' id='word_1_86' title='bbox 1106 2066 1226 2149; x_wconf 80' lang='lat' dir='ltr'>Leoni3</span> 
     </span>
     <span class='ocr_line' id='line_1_15' title="bbox 377 2174 1301 2266; baseline -0.005 -24"><span class='ocrx_word' id='word_1_87' title='bbox 377 2174 449 2243; x_wconf 91' lang='lat' dir='ltr'>Nec</span> <span class='ocrx_word' id='word_1_88' title='bbox 472 2177 566 2264; x_wconf 85' lang='lat' dir='ltr'>capit,</span> <span class='ocrx_word' id='word_1_89' title='bbox 589 2184 645 2240; x_wconf 90' lang='lat' dir='ltr'>aut</span> <span class='ocrx_word' id='word_1_90' title='bbox 666 2185 778 2265; x_wconf 86' lang='lat' dir='ltr'>captos</span> <span class='ocrx_word' id='word_1_91' title='bbox 801 2177 934 2243; x_wconf 82' lang='lat' dir='ltr'>effundit</span> <span class='ocrx_word' id='word_1_92' title='bbox 954 2178 1112 2266; x_wconf 81' lang='lat' dir='ltr'>Aquarius</span> <span class='ocrx_word' id='word_1_93' title='bbox 1135 2186 1234 2244; x_wconf 80' lang='lat' dir='ltr'>ortus,</span> <span class='ocrx_word' id='word_1_94' title='bbox 1298 2230 1301 2237; x_wconf 90' lang='lat'>.</span> 
     </span>
     <span class='ocr_line' id='line_1_16' title="bbox 325 2282 1317 2375; baseline 0.002 -24"><span class='ocrx_word' id='word_1_95' title='bbox 325 2304 366 2345; x_wconf 78' lang='lat'>²⁴0</span> <span class='ocrx_word' id='word_1_96' title='bbox 378 2282 464 2352; x_wconf 84' lang='lat' dir='ltr'>luter</span> <span class='ocrx_word' id='word_1_97' title='bbox 485 2294 657 2375; x_wconf 88' lang='lat' dir='ltr'>utrumque</span> <span class='ocrx_word' id='word_1_98' title='bbox 678 2295 788 2351; x_wconf 91' lang='lat' dir='ltr'>manet</span> <span class='ocrx_word' id='word_1_99' title='bbox 809 2286 1025 2375; x_wconf 91' lang='lat' dir='ltr'>Capricornus</span> <span class='ocrx_word' id='word_1_100' title='bbox 1048 2310 1183 2375; x_wconf 86' lang='lat' dir='ltr'>corpore</span> <span class='ocrx_word' id='word_1_101' title='bbox 1206 2288 1317 2369; x_wconf 87' lang='lat' dir='ltr'>mixto,</span> 
     </span>
     <span class='ocr_line' id='line_1_17' title="bbox 379 2394 1151 2486; baseline -0.001 -25"><span class='ocrx_word' id='word_1_102' title='bbox 379 2394 422 2461; x_wconf 79' lang='lat' dir='ltr'>Et</span> <span class='ocrx_word' id='word_1_103' title='bbox 444 2396 498 2486; x_wconf 92' lang='lat' dir='ltr'>qui</span> <span class='ocrx_word' id='word_1_104' title='bbox 520 2397 658 2461; x_wconf 85' lang='lat' dir='ltr'>Cretaeo</span> <span class='ocrx_word' id='word_1_105' title='bbox 681 2394 783 2483; x_wconf 84' lang='lat' dir='ltr'>fulget</span> <span class='ocrx_word' id='word_1_106' title='bbox 805 2396 986 2463; x_wconf 76' lang='lat' dir='ltr'>Centaurus</span> <span class='ocrx_word' id='word_1_107' title='bbox 1009 2394 1040 2460; x_wconf 93' lang='lat' dir='ltr'>in</span> <span class='ocrx_word' id='word_1_108' title='bbox 1065 2418 1151 2476; x_wconf 88' lang='lat' dir='ltr'>arcu,</span> 
     </span>
     <span class='ocr_line' id='line_1_18' title="bbox 378 2503 1286 2594; baseline -0.003 -21"><span class='ocrx_word' id='word_1_109' title='bbox 378 2506 632 2594; x_wconf 89' lang='lat' dir='ltr'>Communisque</span> <span class='ocrx_word' id='word_1_110' title='bbox 653 2503 755 2587; x_wconf 91' lang='lat' dir='ltr'>Aries,</span> <span class='ocrx_word' id='word_1_111' title='bbox 776 2516 968 2594; x_wconf 87' lang='lat' dir='ltr'>aequantem</span> <span class='ocrx_word' id='word_1_112' title='bbox 991 2516 1135 2594; x_wconf 86' lang='lat' dir='ltr'>ternpore</span> <span class='ocrx_word' id='word_1_113' title='bbox 1158 2504 1286 2571; x_wconf 90' lang='lat' dir='ltr'>Libram</span> 
     </span>
     <span class='ocr_line' id='line_1_19' title="bbox 375 2614 1292 2705; baseline -0.001 -23"><span class='ocrx_word' id='word_1_114' title='bbox 375 2616 418 2682; x_wconf 88' lang='lat' dir='ltr'>Et</span> <span class='ocrx_word' id='word_1_115' title='bbox 439 2615 604 2698; x_wconf 88' lang='lat' dir='ltr'>Geminos,</span> <span class='ocrx_word' id='word_1_116' title='bbox 626 2614 834 2703; x_wconf 87' lang='lat' dir='ltr'>Taurumque</span> <span class='ocrx_word' id='word_1_117' title='bbox 856 2617 925 2705; x_wconf 92' lang='lat' dir='ltr'>pari</span> <span class='ocrx_word' id='word_1_118' title='bbox 947 2616 1006 2684; x_wconf 92' lang='lat' dir='ltr'>sub</span> <span class='ocrx_word' id='word_1_119' title='bbox 1029 2625 1115 2682; x_wconf 89' lang='lat' dir='ltr'>sorte</span> <span class='ocrx_word' id='word_1_120' title='bbox 1138 2625 1292 2682; x_wconf 85' lang='lat' dir='ltr'>recenset.</span> 
     </span>
     <span class='ocr_line' id='line_1_20' title="bbox 438 2724 1269 2814; baseline -0.002 -21"><span class='ocrx_word' id='word_1_121' title='bbox 438 2725 509 2794; x_wconf 88' lang='lat' dir='ltr'>Nec</span> <span class='ocrx_word' id='word_1_122' title='bbox 531 2734 566 2792; x_wconf 92' lang='lat' dir='ltr'>tu</span> <span class='ocrx_word' id='word_1_123' title='bbox 586 2724 674 2791; x_wconf 89' lang='lat' dir='ltr'>nulla</span> <span class='ocrx_word' id='word_1_124' title='bbox 697 2734 790 2814; x_wconf 88' lang='lat' dir='ltr'>putes</span> <span class='ocrx_word' id='word_1_125' title='bbox 812 2725 903 2791; x_wconf 89' lang='lat' dir='ltr'>ineo</span> <span class='ocrx_word' id='word_1_126' title='bbox 927 2736 1110 2793; x_wconf 88' lang='lat' dir='ltr'>commenta</span> <span class='ocrx_word' id='word_1_127' title='bbox 1132 2748 1269 2793; x_wconf 88' lang='lat' dir='ltr'>vocasse</span> 
     </span>
    </p>
   </div>
   <div class='ocr_carea' id='block_1_3' title="bbox 323 2835 1312 3258">
    <p class='ocr_par' dir='ltr' id='par_1_3' title="bbox 323 2835 1312 3258">
     <span class='ocr_line' id='line_1_21' title="bbox 323 2835 1253 2925; baseline -0.005 -21"><span class='ocrx_word' id='word_1_128' title='bbox 323 2853 363 2894; x_wconf 80' lang='lat'>2⁴⁶</span> <span class='ocrx_word' id='word_1_129' title='bbox 377 2835 534 2905; x_wconf 87' lang='lat' dir='ltr'>Naturam</span> <span class='ocrx_word' id='word_1_130' title='bbox 557 2858 674 2915; x_wconf 87' lang='lat' dir='ltr'>rerum,</span> <span class='ocrx_word' id='word_1_131' title='bbox 697 2835 783 2925; x_wconf 90' lang='lat' dir='ltr'>quod</span> <span class='ocrx_word' id='word_1_132' title='bbox 806 2845 881 2901; x_wconf 90' lang='lat' dir='ltr'>sunt</span> <span class='ocrx_word' id='word_1_133' title='bbox 903 2838 1063 2903; x_wconf 78' lang='lat' dir='ltr'>currentia</span> <span class='ocrx_word' id='word_1_134' title='bbox 1085 2836 1253 2925; x_wconf 88' lang='lat' dir='ltr'>quaedam,</span> 
     </span>
     <span class='ocr_line' id='line_1_22' title="bbox 374 2945 1312 3037; baseline -0.002 -23"><span class='ocrx_word' id='word_1_135' title='bbox 374 2946 422 3015; x_wconf 88' lang='lat' dir='ltr'>Ut</span> <span class='ocrx_word' id='word_1_136' title='bbox 440 2946 519 3028; x_wconf 89' lang='lat' dir='ltr'>Leo,</span> <span class='ocrx_word' id='word_1_137' title='bbox 542 2956 574 3013; x_wconf 86' lang='lat' dir='ltr'>et</span> <span class='ocrx_word' id='word_1_138' title='bbox 597 2948 796 3026; x_wconf 85' lang='lat' dir='ltr'>Arcitenens,</span> <span class='ocrx_word' id='word_1_139' title='bbox 817 2945 973 3037; x_wconf 84' lang='lat' dir='ltr'>Ariesque</span> <span class='ocrx_word' id='word_1_140' title='bbox 995 2947 1027 3011; x_wconf 91' lang='lat' dir='ltr'>in</span> <span class='ocrx_word' id='word_1_141' title='bbox 1051 2968 1170 3013; x_wconf 89' lang='lat' dir='ltr'>cornua</span> <span class='ocrx_word' id='word_1_142' title='bbox 1192 2954 1312 3027; x_wconf 83' lang='lat' dir='ltr'>tortus3</span> 
     </span>
     <span class='ocr_line' id='line_1_23' title="bbox 374 3054 1237 3148; baseline -0.005 -24"><span class='ocrx_word' id='word_1_143' title='bbox 374 3057 441 3124; x_wconf 90' lang='lat' dir='ltr'>Aut</span> <span class='ocrx_word' id='word_1_144' title='bbox 462 3081 545 3148; x_wconf 89' lang='lat' dir='ltr'>quae</span> <span class='ocrx_word' id='word_1_145' title='bbox 567 3066 656 3124; x_wconf 88' lang='lat' dir='ltr'>reeta</span> <span class='ocrx_word' id='word_1_146' title='bbox 677 3060 742 3129; x_wconf 89' lang='lat' dir='ltr'>suis</span> <span class='ocrx_word' id='word_1_147' title='bbox 765 3055 919 3124; x_wconf 85' lang='lat' dir='ltr'>librentur</span> <span class='ocrx_word' id='word_1_148' title='bbox 939 3057 1055 3124; x_wconf 89' lang='lat' dir='ltr'>stantia</span> <span class='ocrx_word' id='word_1_149' title='bbox 1078 3054 1237 3137; x_wconf 88' lang='lat' dir='ltr'>membris,</span> 
     </span>
     <span class='ocr_line' id='line_1_24' title="bbox 375 3164 1291 3258; baseline -0.005 -21"><span class='ocrx_word' id='word_1_150' title='bbox 375 3168 421 3237; x_wconf 86' lang='lat' dir='ltr'>Ut</span> <span class='ocrx_word' id='word_1_151' title='bbox 440 3169 552 3258; x_wconf 85' lang='lat' dir='ltr'>Virgo,</span> <span class='ocrx_word' id='word_1_152' title='bbox 575 3177 607 3234; x_wconf 92' lang='lat' dir='ltr'>et</span> <span class='ocrx_word' id='word_1_153' title='bbox 629 3166 767 3249; x_wconf 87' lang='lat' dir='ltr'>Gemini,</span> <span class='ocrx_word' id='word_1_154' title='bbox 787 3167 922 3233; x_wconf 87' lang='lat' dir='ltr'>fundens</span> <span class='ocrx_word' id='word_1_155' title='bbox 946 3175 978 3232; x_wconf 85' lang='lat' dir='ltr'>et</span> <span class='ocrx_word' id='word_1_156' title='bbox 999 3165 1156 3256; x_wconf 86' lang='lat' dir='ltr'>Aquarius</span> <span class='ocrx_word' id='word_1_157' title='bbox 1179 3164 1291 3232; x_wconf 91' lang='lat' dir='ltr'>undas.</span> 
     </span>
    </p>
   </div>
   <div class='ocr_carea' id='block_1_4' title="bbox 308 3426 1535 3595">
    <p class='ocr_par' dir='ltr' id='par_1_4' title="bbox 308 3426 1535 3595">
     <span class='ocr_line' id='line_1_25' title="bbox 308 3426 1515 3507; baseline 0.002 -22"><span class='ocrx_word' id='word_1_158' title='bbox 308 3426 343 3487; x_wconf 90' lang='lat' dir='ltr'>A.</span> <span class='ocrx_word' id='word_1_159' title='bbox 370 3448 396 3485; x_wconf 85' lang='lat' dir='ltr'>v.</span> <span class='ocrx_word' id='word_1_160' title='bbox 410 3432 468 3487; x_wconf 92' lang='grc'>228</span> <span class='ocrx_word' id='word_1_161' title='bbox 488 3430 659 3507; x_wconf 85' lang='lat' dir='ltr'>positusque</span> <span class='ocrx_word' id='word_1_162' title='bbox 766 3448 791 3485; x_wconf 88' lang='lat' dir='ltr'>v.</span> <span class='ocrx_word' id='word_1_163' title='bbox 806 3432 863 3486; x_wconf 84' lang='lat'>232</span> <span class='ocrx_word' id='word_1_164' title='bbox 882 3428 1013 3504; x_wconf 86' lang='lat' dir='ltr'>Parsque</span> <span class='ocrx_word' id='word_1_165' title='bbox 1032 3429 1142 3485; x_wconf 86' lang='lat' dir='ltr'>marina</span> <span class='ocrx_word' id='word_1_166' title='bbox 1251 3446 1276 3483; x_wconf 90' lang='lat' dir='ltr'>v.</span> <span class='ocrx_word' id='word_1_167' title='bbox 1291 3431 1347 3487; x_wconf 82' lang='lat'>233</span> <span class='ocrx_word' id='word_1_168' title='bbox 1367 3436 1453 3505; x_wconf 87' lang='lat' dir='ltr'>atque</span> <span class='ocrx_word' id='word_1_169' title='bbox 1473 3430 1515 3487; x_wconf 91' lang='lat' dir='ltr'>illi</span> 
     </span>
     <span class='ocr_line' id='line_1_26' title="bbox 369 3504 1535 3595; baseline 0.002 -33"><span class='ocrx_word' id='word_1_170' title='bbox 369 3504 476 3583; x_wconf 83' lang='lat' dir='ltr'>degere</span> <span class='ocrx_word' id='word_1_171' title='bbox 518 3524 580 3595; x_wconf 85' lang='lat' dir='ltr'>¹v.</span> <span class='ocrx_word' id='word_1_172' title='bbox 595 3506 651 3563; x_wconf 91' lang='grc'>234</span> <span class='ocrx_word' id='word_1_173' title='bbox 673 3507 767 3563; x_wconf 88' lang='lat' dir='ltr'>causis</span> <span class='ocrx_word' id='word_1_174' title='bbox 844 3524 869 3561; x_wconf 88' lang='lat' dir='ltr'>r.</span> <span class='ocrx_word' id='word_1_175' title='bbox 883 3506 938 3563; x_wconf 88' lang='grc'>241</span> <span class='ocrx_word' id='word_1_176' title='bbox 961 3513 1094 3563; x_wconf 84' lang='lat' dir='ltr'>contento</span> <span class='ocrx_word' id='word_1_177' title='bbox 1172 3523 1198 3562; x_wconf 79' lang='lat' dir='ltr'>v.</span> <span class='ocrx_word' id='word_1_178' title='bbox 1213 3504 1269 3563; x_wconf 89' lang='grc'>247</span> <span class='ocrx_word' id='word_1_179' title='bbox 1289 3504 1428 3564; x_wconf 85' lang='lat' dir='ltr'>librantur</span> <span class='ocrx_word' id='word_1_180' title='bbox 1532 3538 1535 3546; x_wconf 35' lang='grc' dir='ltr'><strong><em>ι</em></strong></span> 
     </span>
    </p>
   </div>
   <div class='ocr_carea' id='block_1_5' title="bbox 308 3633 1515 3865">
    <p class='ocr_par' dir='ltr' id='par_1_5' title="bbox 308 3633 1515 3865">
     <span class='ocr_line' id='line_1_27' title="bbox 308 3633 1515 3709; baseline 0 -16"><span class='ocrx_word' id='word_1_181' title='bbox 308 3636 341 3693; x_wconf 87' lang='lat' dir='ltr'>S.</span> <span class='ocrx_word' id='word_1_182' title='bbox 366 3652 393 3691; x_wconf 84' lang='lat' dir='ltr'>v.</span> <span class='ocrx_word' id='word_1_183' title='bbox 407 3638 464 3692; x_wconf 91' lang='grc'>228</span> <span class='ocrx_word' id='word_1_184' title='bbox 483 3634 631 3709; x_wconf 87' lang='lat' dir='ltr'>hostisque</span> <span class='ocrx_word' id='word_1_185' title='bbox 728 3653 753 3691; x_wconf 87' lang='lat' dir='ltr'>r.</span> <span class='ocrx_word' id='word_1_186' title='bbox 767 3638 824 3692; x_wconf 88' lang='grc'><strong>233</strong></span> <span class='ocrx_word' id='word_1_187' title='bbox 845 3633 969 3690; x_wconf 87' lang='lat' dir='ltr'>collocat</span> <span class='ocrx_word' id='word_1_188' title='bbox 988 3640 1055 3689; x_wconf 87' lang='lat' dir='ltr'>ante</span> <span class='ocrx_word' id='word_1_189' title='bbox 1075 3637 1110 3690; x_wconf 87' lang='grc'><strong>31</strong></span> <span class='ocrx_word' id='word_1_190' title='bbox 1133 3640 1162 3689; x_wconf 86' lang='lat' dir='ltr'>et</span> <span class='ocrx_word' id='word_1_191' title='bbox 1181 3636 1227 3690; x_wconf 87' lang='grc'>32.</span> <span class='ocrx_word' id='word_1_192' title='bbox 1310 3652 1337 3690; x_wconf 83' lang='lat' dir='ltr'>v.</span> <span class='ocrx_word' id='word_1_193' title='bbox 1351 3638 1405 3693; x_wconf 88' lang='grc'>231</span> <span class='ocrx_word' id='word_1_194' title='bbox 1429 3635 1463 3692; x_wconf 88' lang='lat' dir='ltr'>C.</span> <span class='ocrx_word' id='word_1_195' title='bbox 1485 3645 1515 3694; x_wconf 89' lang='lat' dir='ltr'>et</span> 
     </span>
     <span class='ocr_line' id='line_1_28' title="bbox 367 3710 1514 3798; baseline 0.003 -31"><span class='ocrx_word' id='word_1_196' title='bbox 367 3712 500 3787; x_wconf 87' lang='lat' dir='ltr'>aequoris</span> <span class='ocrx_word' id='word_1_197' title='bbox 521 3711 605 3767; x_wconf 91' lang='lat' dir='ltr'>undis</span> <span class='ocrx_word' id='word_1_198' title='bbox 699 3731 724 3768; x_wconf 89' lang='lat' dir='ltr'>v.</span> <span class='ocrx_word' id='word_1_199' title='bbox 738 3716 795 3769; x_wconf 90' lang='grc'>232</span> <span class='ocrx_word' id='word_1_200' title='bbox 814 3711 945 3785; x_wconf 85' lang='lat' dir='ltr'>Parsque</span> <span class='ocrx_word' id='word_1_201' title='bbox 964 3710 1036 3765; x_wconf 83' lang='lat' dir='ltr'>inari</span> <span class='ocrx_word' id='word_1_202' title='bbox 1055 3710 1148 3798; x_wconf 77' lang='lat' dir='ltr'>nitens</span> <span class='ocrx_word' id='word_1_203' title='bbox 1240 3729 1266 3767; x_wconf 86' lang='lat' dir='ltr'>v.</span> <span class='ocrx_word' id='word_1_204' title='bbox 1280 3713 1337 3768; x_wconf 87' lang='grc'>233</span> <span class='ocrx_word' id='word_1_205' title='bbox 1358 3712 1473 3787; x_wconf 88' lang='lat' dir='ltr'>aequali</span> <span class='ocrx_word' id='word_1_206' title='bbox 1491 3712 1514 3771; x_wconf 85' lang='lat' dir='ltr'>f.</span> 
     </span>
     <span class='ocr_line' id='line_1_29' title="bbox 366 3786 1257 3865; baseline 0 -24"><span class='ocrx_word' id='word_1_207' title='bbox 366 3805 392 3845; x_wconf 87' lang='lat' dir='ltr'>r.</span> <span class='ocrx_word' id='word_1_208' title='bbox 406 3788 463 3845; x_wconf 87' lang='grc'>242</span> <span class='ocrx_word' id='word_1_209' title='bbox 482 3797 613 3865; x_wconf 88' lang='lat' dir='ltr'>tempora</span> <span class='ocrx_word' id='word_1_210' title='bbox 640 3809 642 3811; x_wconf 68' lang='grc'>’</span> <span class='ocrx_word' id='word_1_211' title='bbox 689 3808 715 3846; x_wconf 90' lang='lat' dir='ltr'>r.</span> <span class='ocrx_word' id='word_1_212' title='bbox 730 3788 787 3846; x_wconf 87' lang='grc'><strong>244</strong></span> <span class='ocrx_word' id='word_1_213' title='bbox 806 3796 923 3844; x_wconf 87' lang='lat' dir='ltr'>notasse</span> <span class='ocrx_word' id='word_1_214' title='bbox 1001 3803 1027 3842; x_wconf 87' lang='lat' dir='ltr'>v.</span> <span class='ocrx_word' id='word_1_215' title='bbox 1042 3786 1099 3843; x_wconf 88' lang='grc'><strong>247</strong></span> <span class='ocrx_word' id='word_1_216' title='bbox 1118 3786 1257 3842; x_wconf 87' lang='lat' dir='ltr'>lrbrantur</span> 
     </span>
    </p>
   </div>
   <div class='ocr_carea' id='block_1_6' title="bbox 306 3913 1513 4127">
    <p class='ocr_par' dir='ltr' id='par_1_6' title="bbox 306 3913 1513 4127">
     <span class='ocr_line' id='line_1_30' title="bbox 306 3913 1513 3988; baseline 0.002 -16"><span class='ocrx_word' id='word_1_217' title='bbox 306 3913 345 3973; x_wconf 91' lang='lat' dir='ltr'>B.</span> <span class='ocrx_word' id='word_1_218' title='bbox 367 3933 391 3971; x_wconf 90' lang='lat' dir='ltr'>r.</span> <span class='ocrx_word' id='word_1_219' title='bbox 406 3918 463 3974; x_wconf 86' lang='grc'>229</span> <span class='ocrx_word' id='word_1_220' title='bbox 483 3915 545 3973; x_wconf 92' lang='lat' dir='ltr'>Leo</span> <span class='ocrx_word' id='word_1_221' title='bbox 565 3924 595 3972; x_wconf 90' lang='lat' dir='ltr'>et</span> <span class='ocrx_word' id='word_1_222' title='bbox 674 3936 697 3973; x_wconf 88' lang='lat' dir='ltr'>v.</span> <span class='ocrx_word' id='word_1_223' title='bbox 712 3920 769 3974; x_wconf 87' lang='grc'>232</span> <span class='ocrx_word' id='word_1_224' title='bbox 789 3916 885 3971; x_wconf 90' lang='lat' dir='ltr'>abiicit</span> <span class='ocrx_word' id='word_1_225' title='bbox 964 3933 988 3969; x_wconf 89' lang='lat' dir='ltr'>v.</span> <span class='ocrx_word' id='word_1_226' title='bbox 1003 3919 1060 3971; x_wconf 89' lang='grc'>233</span> <span class='ocrx_word' id='word_1_227' title='bbox 1081 3913 1195 3988; x_wconf 90' lang='lat' dir='ltr'>aequali</span> <span class='ocrx_word' id='word_1_228' title='bbox 1214 3913 1335 3971; x_wconf 85' lang='lat' dir='ltr'>foedere</span> <span class='ocrx_word' id='word_1_229' title='bbox 1417 3932 1443 3970; x_wconf 86' lang='lat' dir='ltr'>v.</span> <span class='ocrx_word' id='word_1_230' title='bbox 1457 3917 1513 3974; x_wconf 83' lang='lat'>235</span> 
     </span>
     <span class='ocr_line' id='line_1_31' title="bbox 367 3990 1427 4070; baseline 0 -23"><span class='ocrx_word' id='word_1_231' title='bbox 367 4000 494 4049; x_wconf 84' lang='lat' dir='ltr'>creatum</span> <span class='ocrx_word' id='word_1_232' title='bbox 514 4002 558 4049; x_wconf 89' lang='lat' dir='ltr'>est</span> <span class='ocrx_word' id='word_1_233' title='bbox 673 4012 698 4050; x_wconf 85' lang='lat' dir='ltr'>r.</span> <span class='ocrx_word' id='word_1_234' title='bbox 713 3994 770 4050; x_wconf 90' lang='grc'>242</span> <span class='ocrx_word' id='word_1_235' title='bbox 790 4000 920 4070; x_wconf 88' lang='lat' dir='ltr'>tempora</span> <span class='ocrx_word' id='word_1_236' title='bbox 1037 4010 1062 4047; x_wconf 88' lang='lat' dir='ltr'>r.</span> <span class='ocrx_word' id='word_1_237' title='bbox 1077 3991 1133 4048; x_wconf 89' lang='grc'>244</span> <span class='ocrx_word' id='word_1_238' title='bbox 1154 3999 1296 4047; x_wconf 87' lang='lat' dir='ltr'>momenta</span> <span class='ocrx_word' id='word_1_239' title='bbox 1316 3990 1427 4047; x_wconf 88' lang='lat' dir='ltr'>locasse</span> 
     </span>
     <span class='ocr_line' id='line_1_32' title="bbox 365 4067 918 4127; baseline -0.002 -3"><span class='ocrx_word' id='word_1_240' title='bbox 365 4087 392 4126; x_wconf 82' lang='lat' dir='ltr'>v.</span> <span class='ocrx_word' id='word_1_241' title='bbox 405 4067 462 4126; x_wconf 87' lang='grc'><strong>246</strong></span> <span class='ocrx_word' id='word_1_242' title='bbox 482 4076 578 4126; x_wconf 83' lang='lat' dir='ltr'>torvus</span> <span class='ocrx_word' id='word_1_243' title='bbox 663 4089 689 4127; x_wconf 79' lang='lat' dir='ltr'>r.</span> <span class='ocrx_word' id='word_1_244' title='bbox 702 4070 759 4127; x_wconf 89' lang='grc'>247</span> <span class='ocrx_word' id='word_1_245' title='bbox 778 4068 918 4124; x_wconf 88' lang='lat' dir='ltr'>librantur</span> 
     </span>
    </p>
   </div>
   <div class='ocr_carea' id='block_1_7' title="bbox 310 4194 1515 4813">
    <p class='ocr_par' dir='ltr' id='par_1_7' title="bbox 310 4194 1515 4813">
     <span class='ocr_line' id='line_1_33' title="bbox 310 4194 1513 4274; baseline -0.002 -18"><span class='ocrx_word' id='word_1_246' title='bbox 310 4196 349 4256; x_wconf 78' lang='lat' dir='ltr'>V.</span> <span class='ocrx_word' id='word_1_247' title='bbox 371 4215 398 4255; x_wconf 87' lang='lat' dir='ltr'>r.</span> <span class='ocrx_word' id='word_1_248' title='bbox 412 4200 470 4256; x_wconf 88' lang='grc'>228</span> <span class='ocrx_word' id='word_1_249' title='bbox 488 4200 629 4274; x_wconf 75' lang='lat' dir='ltr'>positique</span> <span class='ocrx_word' id='word_1_250' title='bbox 640 4199 678 4257; x_wconf 89' lang='lat' dir='ltr'>G.</span> <span class='ocrx_word' id='word_1_251' title='bbox 690 4198 724 4255; x_wconf 92' lang='lat' dir='ltr'>L.</span> <span class='ocrx_word' id='word_1_252' title='bbox 746 4198 900 4274; x_wconf 78' lang='lat' dir='ltr'>positisque</span> <span class='ocrx_word' id='word_1_253' title='bbox 918 4196 955 4252; x_wconf 90' lang='lat' dir='ltr'>V.</span> <span class='ocrx_word' id='word_1_254' title='bbox 968 4200 994 4252; x_wconf 90' lang='lat'>1.</span> <span class='ocrx_word' id='word_1_255' title='bbox 1006 4198 1033 4251; x_wconf 90' lang='grc'><strong>2.</strong></span> <span class='ocrx_word' id='word_1_256' title='bbox 1043 4196 1076 4252; x_wconf 88' lang='lat' dir='ltr'>C.</span> <span class='ocrx_word' id='word_1_257' title='bbox 1092 4214 1163 4252; x_wconf 87' lang='lat' dir='ltr'>corr.</span> <span class='ocrx_word' id='word_1_258' title='bbox 1178 4195 1303 4252; x_wconf 86' lang='lat' dir='ltr'>Gronov.</span> <span class='ocrx_word' id='word_1_259' title='bbox 1319 4194 1513 4264; x_wconf 82' lang='lat' dir='ltr'>Obss.111,15</span> 
     </span>
     <span class='ocr_line' id='line_1_34' title="bbox 366 4274 1513 4348; baseline 0.003 -20"><span class='ocrx_word' id='word_1_260' title='bbox 366 4292 393 4331; x_wconf 91' lang='lat' dir='ltr'>r.</span> <span class='ocrx_word' id='word_1_261' title='bbox 407 4276 464 4332; x_wconf 78' lang='lat'>229</span> <span class='ocrx_word' id='word_1_262' title='bbox 486 4277 518 4333; x_wconf 76' lang='lat' dir='ltr'>F.</span> <span class='ocrx_word' id='word_1_263' title='bbox 538 4282 565 4332; x_wconf 83' lang='lat' dir='ltr'>et</span> <span class='ocrx_word' id='word_1_264' title='bbox 583 4278 710 4332; x_wconf 75' lang='lat' dir='ltr'>rimosis.</span> <span class='ocrx_word' id='word_1_265' title='bbox 790 4293 815 4330; x_wconf 91' lang='lat' dir='ltr'>v.</span> <span class='ocrx_word' id='word_1_266' title='bbox 829 4277 885 4329; x_wconf 89' lang='grc'>232</span> <span class='ocrx_word' id='word_1_267' title='bbox 905 4276 1034 4347; x_wconf 82' lang='lat' dir='ltr'>Parsque</span> <span class='ocrx_word' id='word_1_268' title='bbox 1052 4274 1165 4329; x_wconf 79' lang='lat' dir='ltr'>mortno</span> <span class='ocrx_word' id='word_1_269' title='bbox 1185 4291 1298 4344; x_wconf 90' lang='lat' dir='ltr'>ornnes;</span> <span class='ocrx_word' id='word_1_270' title='bbox 1319 4290 1372 4348; x_wconf 86' lang='lat' dir='ltr'>ego</span> <span class='ocrx_word' id='word_1_271' title='bbox 1393 4275 1513 4331; x_wconf 83' lang='lat' dir='ltr'>correxi.</span> 
     </span>
     <span class='ocr_line' id='line_1_35' title="bbox 371 4348 1515 4429; baseline 0 -22"><span class='ocrx_word' id='word_1_272' title='bbox 371 4351 515 4428; x_wconf 88' lang='lat' dir='ltr'>Aquarius</span> <span class='ocrx_word' id='word_1_273' title='bbox 536 4360 581 4409; x_wconf 89' lang='lat' dir='ltr'>est</span> <span class='ocrx_word' id='word_1_274' title='bbox 602 4352 741 4429; x_wconf 89' lang='lat' dir='ltr'>Cecrops.</span> <span class='ocrx_word' id='word_1_275' title='bbox 831 4370 856 4406; x_wconf 87' lang='lat' dir='ltr'>v.</span> <span class='ocrx_word' id='word_1_276' title='bbox 871 4353 927 4406; x_wconf 89' lang='grc'>233</span> <span class='ocrx_word' id='word_1_277' title='bbox 949 4356 1030 4423; x_wconf 82' lang='lat' dir='ltr'>utque</span> <span class='ocrx_word' id='word_1_278' title='bbox 1048 4348 1091 4405; x_wconf 75' lang='lat' dir='ltr'>tttt</span> <span class='ocrx_word' id='word_1_279' title='bbox 1111 4348 1204 4422; x_wconf 70' lang='lat' dir='ltr'>clepere</span> <span class='ocrx_word' id='word_1_280' title='bbox 1224 4368 1332 4406; x_wconf 87' lang='lat' dir='ltr'>ornnes.</span> <span class='ocrx_word' id='word_1_281' title='bbox 1361 4348 1399 4406; x_wconf 90' lang='lat' dir='ltr'>Et</span> <span class='ocrx_word' id='word_1_282' title='bbox 1417 4358 1515 4427; x_wconf 88' lang='lat' dir='ltr'>potest</span> 
     </span>
     <span class='ocr_line' id='line_1_36' title="bbox 365 4419 1514 4503; baseline 0 -19"><span class='ocrx_word' id='word_1_283' title='bbox 365 4446 437 4485; x_wconf 83' lang='lat' dir='ltr'>saue</span> <span class='ocrx_word' id='word_1_284' title='bbox 456 4427 553 4503; x_wconf 87' lang='lat' dir='ltr'>aliquo</span> <span class='ocrx_word' id='word_1_285' title='bbox 572 4428 659 4484; x_wconf 89' lang='lat' dir='ltr'>ruodo</span> <span class='ocrx_word' id='word_1_286' title='bbox 680 4425 811 4485; x_wconf 85' lang='lat' dir='ltr'>defendi:</span> <span class='ocrx_word' id='word_1_287' title='bbox 838 4435 923 4502; x_wconf 90' lang='lat' dir='ltr'>atque</span> <span class='ocrx_word' id='word_1_288' title='bbox 945 4425 987 4481; x_wconf 91' lang='lat' dir='ltr'>illi</span> <span class='ocrx_word' id='word_1_289' title='bbox 1008 4419 1225 4503; x_wconf 86' lang='lat' dir='ltr'>(Capricorno)</span> <span class='ocrx_word' id='word_1_290' title='bbox 1251 4425 1369 4482; x_wconf 90' lang='lat' dir='ltr'>humida</span> <span class='ocrx_word' id='word_1_291' title='bbox 1394 4429 1514 4485; x_wconf 87' lang='lat' dir='ltr'>terrenis</span> 
     </span>
     <span class='ocr_line' id='line_1_37' title="bbox 365 4497 1513 4579; baseline 0 -17"><span class='ocrx_word' id='word_1_292' title='bbox 365 4512 433 4562; x_wconf 79' lang='lat' dir='ltr'>aunt</span> <span class='ocrx_word' id='word_1_293' title='bbox 451 4504 540 4561; x_wconf 83' lang='lat' dir='ltr'>mixta</span> <span class='ocrx_word' id='word_1_294' title='bbox 560 4504 676 4579; x_wconf 84' lang='lat' dir='ltr'>degere,</span> <span class='ocrx_word' id='word_1_295' title='bbox 696 4500 743 4560; x_wconf 77' lang='lat' dir='ltr'>tut</span> <span class='ocrx_word' id='word_1_296' title='bbox 765 4497 799 4559; x_wconf 81' lang='grc' dir='ltr'>τὸ</span> <span class='ocrx_word' id='word_1_297' title='bbox 821 4504 981 4559; x_wconf 74' lang='grc' dir='ltr'>συνοικεῖν.</span> <span class='ocrx_word' id='word_1_298' title='bbox 1061 4522 1085 4558; x_wconf 84' lang='grc' dir='ltr'>ν.</span> <span class='ocrx_word' id='word_1_299' title='bbox 1100 4506 1156 4560; x_wconf 90' lang='grc'>237</span> <span class='ocrx_word' id='word_1_300' title='bbox 1177 4504 1315 4579; x_wconf 79' lang='lat' dir='ltr'>Scorpius</span> <span class='ocrx_word' id='word_1_301' title='bbox 1333 4503 1370 4559; x_wconf 90' lang='lat' dir='ltr'>V.</span> <span class='ocrx_word' id='word_1_302' title='bbox 1390 4508 1455 4562; x_wconf 86' lang='lat'>1.2.</span> <span class='ocrx_word' id='word_1_303' title='bbox 1478 4504 1513 4562; x_wconf 89' lang='lat' dir='ltr'>C.</span> 
     </span>
     <span class='ocr_line' id='line_1_38' title="bbox 365 4579 1515 4657; baseline -0.003 -17"><span class='ocrx_word' id='word_1_304' title='bbox 365 4588 396 4640; x_wconf 83' lang='lat' dir='ltr'>ct</span> <span class='ocrx_word' id='word_1_305' title='bbox 414 4580 450 4638; x_wconf 90' lang='lat' dir='ltr'>L.</span> <span class='ocrx_word' id='word_1_306' title='bbox 472 4580 526 4638; x_wconf 85' lang='lat' dir='ltr'>sed</span> <span class='ocrx_word' id='word_1_307' title='bbox 546 4599 582 4638; x_wconf 84' lang='lat' dir='ltr'>ex</span> <span class='ocrx_word' id='word_1_308' title='bbox 602 4599 692 4652; x_wconf 85' lang='lat' dir='ltr'>eorr.;</span> <span class='ocrx_word' id='word_1_309' title='bbox 716 4582 812 4638; x_wconf 85' lang='lat' dir='ltr'>suerat</span> <span class='ocrx_word' id='word_1_310' title='bbox 832 4598 859 4637; x_wconf 92' lang='lat' dir='ltr'>o.</span> <span class='ocrx_word' id='word_1_311' title='bbox 980 4598 1004 4635; x_wconf 92' lang='lat' dir='ltr'>v.</span> <span class='ocrx_word' id='word_1_312' title='bbox 1019 4579 1076 4637; x_wconf 87' lang='grc'>242</span> <span class='ocrx_word' id='word_1_313' title='bbox 1100 4585 1226 4653; x_wconf 78' lang='lat' dir='ltr'>tempora</span> <span class='ocrx_word' id='word_1_314' title='bbox 1245 4581 1282 4637; x_wconf 79' lang='lat' dir='ltr'>V.</span> <span class='ocrx_word' id='word_1_315' title='bbox 1301 4585 1329 4638; x_wconf 92' lang='lat'>1.</span> <span class='ocrx_word' id='word_1_316' title='bbox 1341 4584 1369 4638; x_wconf 88' lang='lat'>2.</span> <span class='ocrx_word' id='word_1_317' title='bbox 1394 4587 1515 4657; x_wconf 70' lang='lat' dir='ltr'>totamm</span> 
     </span>
     <span class='ocr_line' id='line_1_39' title="bbox 369 4656 1515 4735; baseline -0.002 -20"><span class='ocrx_word' id='word_1_318' title='bbox 369 4658 469 4715; x_wconf 76' lang='lat' dir='ltr'>ceteri.</span> <span class='ocrx_word' id='word_1_319' title='bbox 501 4665 609 4733; x_wconf 86' lang='lat' dir='ltr'>aequat</span> <span class='ocrx_word' id='word_1_320' title='bbox 626 4659 715 4717; x_wconf 89' lang='lat' dir='ltr'>Libra</span> <span class='ocrx_word' id='word_1_321' title='bbox 734 4666 864 4735; x_wconf 85' lang='lat' dir='ltr'>ternpore</span> <span class='ocrx_word' id='word_1_322' title='bbox 884 4658 1018 4714; x_wconf 85' lang='lat' dir='ltr'>Arietem.</span> <span class='ocrx_word' id='word_1_323' title='bbox 1110 4674 1134 4713; x_wconf 87' lang='lat' dir='ltr'>v.</span> <span class='ocrx_word' id='word_1_324' title='bbox 1149 4656 1206 4715; x_wconf 90' lang='grc'>244</span> <span class='ocrx_word' id='word_1_325' title='bbox 1226 4665 1380 4716; x_wconf 66' lang='lat' dir='ltr'>commerito</span> <span class='ocrx_word' id='word_1_326' title='bbox 1400 4675 1515 4715; x_wconf 82' lang='lat' dir='ltr'>uacasse</span> 
     </span>
     <span class='ocr_line' id='line_1_40' title="bbox 366 4732 1512 4813; baseline 0.002 -24"><span class='ocrx_word' id='word_1_327' title='bbox 366 4750 475 4792; x_wconf 87' lang='lat' dir='ltr'>omnes.</span> <span class='ocrx_word' id='word_1_328' title='bbox 495 4742 634 4813; x_wconf 80' lang='lat' dir='ltr'>provocat</span> <span class='ocrx_word' id='word_1_329' title='bbox 653 4744 755 4792; x_wconf 89' lang='lat' dir='ltr'>natura</span> <span class='ocrx_word' id='word_1_330' title='bbox 774 4742 872 4791; x_wconf 86' lang='lat' dir='ltr'>nostra</span> <span class='ocrx_word' id='word_1_331' title='bbox 893 4741 1060 4791; x_wconf 86' lang='lat' dir='ltr'>commenta.</span> <span class='ocrx_word' id='word_1_332' title='bbox 1138 4752 1163 4791; x_wconf 89' lang='lat' dir='ltr'>r.</span> <span class='ocrx_word' id='word_1_333' title='bbox 1178 4734 1234 4793; x_wconf 88' lang='grc'>247</span> <span class='ocrx_word' id='word_1_334' title='bbox 1254 4732 1386 4793; x_wconf 76' lang='lat' dir='ltr'>librentur</span> <span class='ocrx_word' id='word_1_335' title='bbox 1404 4751 1512 4791; x_wconf 84' lang='lat' dir='ltr'>ornnes.</span> 
     </span>
    </p>
   </div>
   <div class='ocr_carea' id='block_1_8' title="bbox 0 0 1854 5609">
    <p class='ocr_par' dir='ltr' id='par_1_8' title="bbox 0 0 1854 5609">
     <span class='ocr_line' id='line_1_41' title="bbox 0 0 1854 5609; baseline 0 1"><span class='ocrx_word' id='word_1_336' title='bbox 0 0 1854 5609; x_wconf 95' lang='lat' dir='ltr'> </span> 
     </span>
    </p>
   </div>
  </div>
 </body>
</html>
