3700 5609
364 677 398 723 lv

365 824 439 893 data
467 846 566 916 opera
594 833 668 891 ante
694 846 747 890 me
774 826 807 891 in
833 822 963 892 Manilio
987 821 1199 905 desudarunt,
1227 821 1444 912 Scaligerum,
1466 818 1570 888 Bent-

362 953 471 1036 leium,
492 953 682 1043 Pingreum3
705 952 820 1019 deinde
843 952 922 1018 alios
944 960 1051 1018 mente
1075 949 1273 1041 complector
1294 972 1397 1045 paene
1419 947 1570 1031 infinitos,

364 1083 466 1175 quisi
489 1102 619 1147 suares
641 1081 685 1146 ita
706 1079 836 1163 ferebat,
858 1078 1092 1170 praetereundo
1115 1081 1144 1146 ei
1165 1086 1282 1168 po'e'tae
1304 1076 1487 1145 consultum
1509 1098 1570 1144 vo·

362 1208 498 1277 luerunt
549 1208 651 1294 Quos,
662 1218 817 1299 quantum
830 1210 907 1290 scio,
923 1229 1035 1274 omnes
1048 1228 1154 1297 neque
1172 1206 1361 1302 festinanter
1372 1204 1570 1296 percucurri,

362 1347 395 1405 et
416 1338 484 1404 sine
507 1336 553 1401 ira
576 1345 672 1425 atque
694 1336 799 1402 studio
816 1337 849 1402 in
865 1334 1033 1402 consilium
1055 1356 1184 1424 semper
1206 1332 1342 1400 adhibui.
1386 1334 1443 1401 Sin
1460 1341 1570 1399 autem

362 1476 395 1533 et
416 1446 544 1556 paucos
561 1473 593 1530 et
614 1486 704 1530 raros
726 1487 785 1554 per
807 1439 887 1554 opus
910 1463 1017 1552 ipsum
1037 1461 1160 1528 laudari
1180 1461 1318 1544 videbis,
1339 1484 1405 1528 non
1427 1483 1488 1551 ego
1512 1481 1570 1526 co-

359 1616 432 1660 rum
459 1590 513 1660 vel
541 1592 680 1681 ignorari
710 1589 866 1658 beneficia
891 1588 946 1656 vel
974 1590 1120 1656 imminui
1141 1588 1270 1658 laudem
1293 1591 1403 1681 cupio;
1427 1587 1483 1654 sed
1506 1588 1570 1654 feci

360 1720 525 1799 duntaxat,
550 1718 635 1818 quod
656 1718 712 1784 lex
733 1718 839 1807 operis
862 1716 999 1783 iubebat.
1050 1718 1267 1809 Posteaquam
1296 1720 1381 1784 enim
1408 1715 1509 1782 mrdta
1536 1724 1570 1782 et

358 1870 477 1940 magna
498 1844 626 1913 molitus
649 1845 703 1926 fui,
725 1855 889 1935 postremo
912 1822 976 1927 me,
996 1854 1033 1911 ut
1053 1845 1162 1926 vides,
1184 1846 1300 1912 multas
1328 1853 1461 1935 propter
1490 1864 1568 1910 cau-

358 1998 422 2057 sas,
442 1976 476 2041 in
496 1974 595 2039 breve
617 1974 764 2038 contraxi
783 1974 817 2037 in
839 1995 945 2062 eoque
967 1971 1117 2039 cohibere
1139 1974 1251 2054 statui,
1274 1982 1396 2040 utnon
1417 1993 1477 2062 per
1499 1992 1568 2036 am·

358 2104 469 2193 bages,
492 2099 604 2193 quibus
627 2100 687 2190 ipsi
708 2121 837 2166 mecum
858 2121 937 2164 vera
958 2099 1160 2190 indagarent,
1181 2098 1322 2166 lecturos
1343 2099 1569 2189 producerem,

359 2230 418 2298 sed
439 2240 475 2297 ut
496 2228 636 2296 breviter
658 2237 754 2318 atquc
776 2225 961 2317 simpliciter
982 2249 1061 2294 vera
1081 2228 1221 2308 inventa,
1244 2224 1421 2317 quaemihi
1438 2226 1569 2318 quidem

356 2335 558 2440 viderentur,
584 2329 808 2446 proponerem.
859 2354 947 2422 Nam
977 2352 1145 2421 consilium
1173 2352 1268 2423 huius
1298 2343 1404 2446 operis
1431 2354 1509 2436 mei,
1531 2364 1590 2439 ut¹

355 2487 471 2577 paucis
494 2481 694 2563 concludam,
715 2482 748 2549 id
769 2483 842 2563 luit,
864 2491 900 2548 ιιι
921 2480 1129 2548 memorabile
1150 2480 1213 2549 hoc
1236 2484 1428 2574 antiquitatis
1451 2504 1568 2549 monu-

357 2622 518 2694 mentum,
548 2610 635 2701 quod
659 2620 692 2677 et
712 2609 807 2677 rebus
830 2619 863 2676 et
883 2610 989 2676 verbis
1011 2607 1108 2699 longe
1131 2632 1150 2675 a
1171 2608 1334 2701 plerisque
1356 2609 1423 2676 aliis
1447 2608 1568 2676 disere·

357 2737 467 2832 paret,
490 2738 548 2806 scd
571 2760 589 2804 a
611 2737 743 2803 librariis
766 2736 861 2803 foede
883 2746 971 2804 esset
998 2738 1268 2818 contaminatum,
1294 2758 1467 2827 purgarem
1487 2735 1567 2804 illud

359 2867 489 2959 quidem
512 2889 531 2933 a
553 2864 724 2933 contractis
752 2864 815 2929 situ
836 2862 986 2946 maculis,
1014 2864 1071 2932 sed
1100 2875 1136 2933 ut
1162 2866 1264 2957 magis
1294 2867 1390 2934 etiam
1413 2888 1451 2933 ac
1472 2887 1567 2932 reve·

355 2997 479 3063 rentius
507 2992 585 3061 milri
612 3015 776 3075 caverem,
807 2993 963 3083 nequid,
994 2992 1080 3085 quod
1109 3018 1205 3062 suum
1229 3005 1315 3063 esset
1336 3004 1369 3062 et
1390 2995 1566 3084 antiquum,

354 3121 562 3214 quantumvis
583 3141 644 3198 nos
664 3119 808 3185 novitate
830 3120 968 3207 erigeret
989 3128 1094 3209 atque*
1106 3120 1314 3210 percelleret,
1337 3122 1566 3212 detergeretur.

355 3252 403 3318 ita
425 3248 510 3315 enim
532 3244 702 3337 aliquando
726 3245 766 3311 ad
788 3267 845 3314 eos
868 3245 945 3310 artis
965 3250 1106 3312 nostrae
1122 3269 1199 3314 usus
1228 3246 1292 3316 hoc
1318 3272 1447 3316 carmen
1473 3258 1565 3339 pate·

353 3374 426 3443 fieri
445 3396 544 3465 posse
564 3370 670 3437 visum
692 3379 756 3454 est,
783 3394 803 3439 a
825 3371 939 3463 quibus
963 3371 1003 3439 ad
1025 3370 1111 3440 hunc
1138 3397 1243 3466 usque
1265 3376 1350 3443 diem
1371 3378 1439 3444 lere
1460 3385 1564 3443 totum

267 3590 271 3598 y
354 3498 528 3571 exclusum
553 3500 621 3565 luit
669 3497 704 3565 ln
735 3522 797 3591 quo
826 3510 862 3567 ut
889 3523 985 3567 suum
1013 3500 1130 3591 cuique
1158 3502 1312 3571 iudicium
1342 3505 1565 3594 incorruptum

229 3690 231 3696 .
328 3649 330 3651 ·
353 3630 600 3721 relinqueretur,
622 3626 822 3717 simplicitate
844 3638 919 3699 ante
941 3630 1048 3696 omnia
1069 3650 1151 3718 opus
1173 3631 1239 3699 fuit
1282 3629 1393 3723 ltaque
1415 3654 1471 3698 cos
1495 3633 1565 3723 qui-

358 3759 441 3841 dem,
465 3754 578 3848 quibus
600 3753 739 3844 aliquam
761 3754 814 3822 vel
834 3756 1129 3845 interpretationem
1149 3757 1204 3825 vel
1226 3758 1484 3826 emendationem
1506 3760 1564 3828 de·

339 3884 486 3973 belm,
515 3904 575 3949 suo
600 3904 761 3974 quemque
782 3881 872 3965 loco,
894 3905 1008 3951 omnes
1036 3885 1224 3952 nominatim
1251 3888 1364 3969 citavi3
1396 3910 1452 3955 eos
1474 3910 1564 3971 vero,

356 4013 412 4105 qui
437 4008 531 4078 multi
558 4017 647 4092 sunt,
678 4011 732 4102 qui
753 4033 807 4078 me
834 4010 926 4103 vagis
955 4012 1145 4081 coniecturis
1174 4012 1217 4081 ad
1244 4014 1315 4081 veri
1333 4012 1443 4082 limina
1464 4016 1564 4083 inter·

356 4139 434 4235 dum
456 4138 631 4220 duxerunt,
658 4158 757 4229 quum
778 4161 892 4207 eorum
914 4162 1039 4208 errores
1062 4150 1258 4223 tacerentur,
1285 4141 1373 4231 ipsos
1395 4146 1563 4213 nominare

352 4288 422 4335 non
443 4266 543 4357 potui.
1198 4269 1202 4276 '

440 4390 544 4459 Multo
567 4401 676 4459 autem
697 4395 799 4461 maior
820 4395 865 4461 eis
887 4394 974 4463 haud
996 4393 1091 4462 dubie
1113 4394 1215 4484 gratia
1236 4396 1380 4482 debetur,
1395 4401 1448 4491 qui
1462 4424 1562 4492 quum

237 4563 239 4568 -
354 4540 435 4589 suae
455 4517 644 4608 benignitati
665 4519 819 4605 obsecuti,
840 4532 910 4590 tum
930 4545 1024 4592 meae
1044 4520 1219 4592 industriae
1244 4547 1384 4620 meoque
1404 4526 1563 4599 bonarum

353 4648 470 4716 artium
490 4644 597 4713 studio
621 4644 732 4715 confisi
754 4658 887 4717 cunctos
908 4651 1029 4735 fontes,
1051 4651 1166 4744 quibus
1186 4650 1287 4723 hosce
1306 4676 1398 4723 meos
1415 4653 1561 4726 hortulos

352 4773 529 4870 irrigarem,
549 4772 722 4845 liberaliter
732 4786 953 4869 aperuerunt..
976 4777 1128 4877 Namque
1140 4781 1366 4879 interpretibus
1378 4785 1454 4855 viris
1465 4807 1561 4880 prae·
