3700 5609
413 520 471 597 inu

414 700 489 769 dem
510 697 598 767 haud
618 695 791 766 verisimile
802 697 904 765 videri
919 697 1012 765 solet.
1056 698 1142 767 Nam
1159 722 1258 791 quum
1275 722 1375 768 unum
1391 709 1514 770 tanturn
1525 701 1620 772 huius

412 837 532 920 poetae
553 826 721 918 exemplar
743 835 882 894 aetatem
904 826 1015 894 tulisse
1037 826 1291 918 probaverimus,
1312 829 1339 894 is
1363 838 1479 913 autern,
1502 854 1544 899 ex
1557 855 1621 923 quo

412 957 553 1049 primum
573 956 720 1036 innotuit,
742 975 762 1018 a
783 952 952 1041 Sylvestro
975 953 1001 1021 ll
1032 957 1139 1022 statim
1168 955 1287 1021 Manilii
1313 958 1443 1023 nomine
1471 959 1512 1024 sit
1538 982 1622 1027 nun-

414 1092 561 1175 cupatus,
580 1082 731 1173 idemque
754 1104 873 1147 nomen
894 1082 927 1147 in
949 1082 1125 1165 Vossiano‚
1155 1084 1213 1180 qui¹
1231 1084 1270 1149 ab
1293 1085 1423 1173 antiquo
1447 1107 1486 1150 eo
1510 1110 1622 1154 exern·

413 1211 499 1305 plari·
516 1212 611 1279 unice
632 1210 752 1300 pendet
774 1219 807 1277 et
828 1208 867 1292 ab
891 1212 979 1277 omni
1001 1212 1180 1280 recentiore
1201 1210 1445 1300 interpolatione
1468 1213 1623 1282 alienissi-

413 1363 487 1408 mus
510 1348 573 1423 e'st,
595 1340 784 1421 retineatur3
818 1345 1022 1428 consequens
1046 1364 1118 1407 esse
1141 1309 1291 1421 dixerim,
1312 1342 1401 1408 utin
1422 1341 1535 1409 codice
1556 1352 1623 1409 tam

414 1466 583 1560 diligenter
606 1475 738 1534 exarato
759 1467 830 1558 ipsa
854 1489 983 1557 quoque
1011 1468 1224 1559 inscriptionis
1254 1468 1384 1534 omissio
1412 1489 1477 1534 non
1505 1470 1547 1536 ad
1568 1493 1624 1537 ca-

415 1617 489 1666 sum
510 1594 568 1662 sed
590 1595 631 1662 ad
653 1593 822 1661 consilium
844 1594 1010 1661 referatur.
1056 1593 1143 1687 quod
1165 1596 1240 1662 lecit
1260 1593 1436 1663 Bentleius.
1474 1595 1551 1664 mihi
1566 1621 1624 1665 au-

414 1734 482 1792 tem
504 1722 576 1791 talis
599 1723 688 1790 crisis
711 1721 751 1789 ab
772 1721 827 1788 illo
852 1744 932 1788 aevo
956 1721 1128 1789 abhorrere
1149 1721 1245 1813 plane
1268 1721 1402 1817 videtur.
1453 1723 1624 1815 Quaprop-

304 1828 309 1842 ⁸
358 1861 365 1885 ‘⁴
415 1860 465 1918 ter
486 1853 588 1944 magis
609 1833 721 1942 probo,
743 1849 830 1942 quod
853 1848 914 1917 'fn
933 1849 1053 1918 Oehler
1075 1873 1113 1916 ea
1137 1849 1177 1917 de
1200 1873 1235 1916 re
1257 1850 1382 1917 scribit:
1404 1848 1625 1942 „Inscriptioui

415 1980 527 2062 veteri,
547 1979 627 2047 libro
651 1980 727 2047 olim
749 1978 923 2070 praefixae,
945 2001 1060 2045 manus
1082 1979 1241 2045 recentior
1263 1978 1347 2062 (tort.
1363 1999 1447 2045 saec.
1465 1976 1531 2047 XV
1547 2003 1626 2047 exe-

416 2108 513 2192 untis)
534 2105 695 2175 substituit
715 2106 801 2174 hunc
824 2105 965 2173 titulum:
987 2106 1103 2173 Mallius
1125 2106 1251 2196 poeta.a
1284 2143 1292 2163 ι

501 2233 598 2304 Hunc
619 2237 715 2327 igitur
735 2235 852 2303 librum
872 2233 989 2301 Jacobi
1010 2235 1096 2303 Susii
1119 2244 1272 2325 excerpta
1300 2244 1413 2302 nactus
1439 2235 1561 2325 primus
1592 2237 1626 2304 in

416 2350 538 2435 Manilii
569 2385 665 2442 usum
695 2364 825 2429 vocavit
858 2364 927 2429 Jos.
957 2362 1119 2453 Scaliger;
1152 2371 1247 2454 atque
1281 2385 1406 2431 summa
1423 2457 1427 2461 .
1442 2364 1626 2431 eruditionis

414 2490 592 2570 subtilitate
614 2500 648 2559 et
668 2492 822 2558 varietate
843 2491 985 2556 munitus
1008 2499 1095 2557 tanta
1115 2490 1191 2557 inde
1220 2491 1452 2558 emendationis
1475 2500 1507 2557 et
1527 2493 1627 2558 inter-

359 2606 362 2609 ·
417 2621 604 2713 prelationis
627 2618 781 2686 beneficia
802 2619 834 2684 in
858 2642 933 2685 eum
955 2617 1106 2700 contulit,
1135 2627 1170 2684 ut
1190 2639 1297 2709 neque
1319 2616 1441 2685 homini
1460 2641 1567 2709 neque
1588 2619 1628 2686 li·

406 2740 477 2817 ¹bro
505 2770 650 2839 unquam
674 2747 752 2813 satis
781 2746 893 2837 dignas
925 2747 1044 2836 gratias
1073 2768 1168 2836 agere
1201 2768 1298 2835 posse
1331 2746 1504 2813 videamur.
1554 2729 1639 2815 lure,

421 2878 507 2946 enim
532 2874 653 2945 Manilii
682 2875 855 2965 sospitator
883 2875 1062 2965 nuncupari
1083 2884 1199 2964 potest.
1249 2873 1414 2941 Bentleius
1443 2885 1568 2957 autem,
1595 2886 1628 2944 et

416 3003 622 3095 xLipsiensem
643 3014 757 3071 nactus
781 3012 813 3070 et
833 3003 1039 3099 Vossianum,
1061 3004 1165 3069 minus
1187 3004 1252 3070 iam
1280 3004 1347 3069 eius
1371 3004 1550 3070 auctoritati
1572 3006 1627 3071 tri·

274 3178 276 3182 «
319 3211 322 3216 Δ
418 3130 534 3213 -buens,
555 3153 661 3223 neque
684 3141 801 3215 tamen,
823 3142 860 3198 ut
879 3132 1020 3214 videtur,
1048 3132 1089 3197 de
1112 3132 1180 3197 eius
1202 3130 1264 3198 lide
1287 3129 1461 3221 quidquam
1483 3134 1627 3223 suspica·

420 3267 490 3341 tus,
516 3258 613 3326 modo
641 3235 834 3362 lrincnmodo
855 3260 957 3340 illinc,
984 3268 1021 3326 ut
1047 3258 1246 3350 singulorum
1273 3258 1420 3326 locorum
1447 3260 1629 3349 corruptela

379 3443 382 3450 ,
416 3375 592 3470 desiderat,
615 3388 732 3456 auxilia
755 3388 886 3477 expetit.
929 3386 963 3454 ln
984 3408 1074 3453 meos
1098 3411 1176 3455 vero
1198 3411 1276 3454 usus
1299 3387 1444 3456 codicem
1467 3386 1628 3457 Bruxellis

422 3524 667 3606 comparaturus
695 3514 820 3585 Theod.
844 3514 977 3597 Oehler,
1006 3514 1121 3583 deinde
1152 3514 1309 3606 quaedam
1341 3538 1414 3582 mea
1441 3515 1542 3583 verba
1563 3539 1629 3585 non

311 3686 313 3689 .
418 3653 512 3711 recte
532 3646 769 3735 interpretatus,
792 3642 975 3712 exscribere
997 3644 1132 3727 destitit;
1162 3667 1199 3710 ac
1228 3666 1327 3734 quum
1355 3665 1497 3710 errorem
1524 3668 1630 3713 resar-

423 3772 488 3841 cire
510 3771 643 3855 vellem,
670 3782 875 3863 praematura
901 3781 1006 3862 morte
1036 3784 1068 3840 et
1093 3770 1241 3839 omnibus
1263 3772 1355 3839 bonis
1377 3771 1475 3837 literis
1500 3772 1631 3839 etmihi

421 3912 554 3992 ¹ereptus
577 3912 635 3969 est.
678 3901 803 3971 Verum
820 3920 920 3991 quum·
936 3910 969 3968 et
987 3901 1144 3991 Scaligeri
1160 3898 1341 3966 etBentleii
1361 3908 1392 3966 et
1408 3899 1523 3968 Jacobi
1544 3900 1631 3968 Susii

419 4028 466 4097 ad
491 4029 533 4097 N.
555 4026 724 4096 Heinsium
751 4027 863 4095 delatis
895 4029 1055 4118 excerptis
1086 4040 1207 4111 uterer,
1235 4037 1305 4094 turn
1342 4037 1450 4094 autem
1482 4026 1630 4097 fallacem

421 4156 543 4225 codicis
575 4167 724 4227 naturam
752 4156 828 4223 satis
857 4154 934 4222 mihi
963 4158 1168 4246 perspexisse
1194 4155 1337 4236 viderer,
1371 4177 1437 4222 non
1469 4156 1502 4225 id
1524 4165 1631 4224 tanto·

422 4305 501 4377 pere
524 4285 698 4353 dolendum
726 4308 799 4352 esse
827 4283 995 4351 arbitratus
1018 4308 1105 4367 sum,
1134 4284 1221 4376 quod
1243 4284 1313 4350 eius
1337 4306 1415 4377 opes
1436 4283 1514 4352 mihi
1541 4293 1631 4352 crant

421 4413 598 4505 praecisae.

431 4553 433 4560 ’
509 4541 655 4610 Alterum
677 4551 785 4610 autem
807 4543 952 4610 codicem
974 4565 1061 4609 nunc
1075 4540 1331 4624 Bruxellensem,
1353 4563 1400 4611 nr.
1419 4543 1532 4624 10699,
1555 4522 1631 4610 olim

419 4657 609 4751 Cusanum,
640 4668 728 4740 ide'm
758 4672 808 4739 vir
830 4672 953 4739 doctus¹
983 4670 1154 4762 diligenter
1185 4669 1328 4739 eontulit.
1381 4666 1442 4738 lta
1470 4681 1578 4744 autem
1603 4673 1630 4739 is
