3700 5609
329 595 375 670 ω
723 595 872 668 ant
915 623 947 668 v.
971 610 1165 678 aso-»san

392 767 435 836 Et
456 790 515 858 per
537 768 677 859 quinquo
698 777 790 836 notat
810 769 973 859 signantes
995 781 1142 861 tempora
1163 768 1255 842 linas.

393 878 452 945 llis
476 878 589 946 eadem
612 890 661 947 est
681 882 733 947 via
755 903 838 971 quae
859 882 990 963 mundo,
1010 884 1193 973 pariterque
1214 891 1361 956 rantur

393 984 538 1070 laclines,
561 992 732 1081 sociosque
754 1000 843 1059 ortus
866 991 1033 1060 occasibus
1054 1002 1210 1082 acquaat3

394 1098 664 1190 Quandoquidem
687 1102 776 1183 texti,
798 1123 862 1192 quo
885 1110 971 1168 totns
993 1100 1133 1170 volvitur
1155 1101 1251 1183 orbis,

342 1223 383 1266 sn
394 1207 420 1274 F
421 1208 463 1275 ila
484 1207 614 1276 trahunt
635 1208 690 1275 alti
710 1233 840 1278 cursum
862 1212 1047 1280 comitantia
1067 1210 1161 1296 caeli,

392 1318 561 1386 Intervalla
581 1321 651 1409 pari
670 1329 838 1388 servantes
858 1319 958 1387 limite
979 1343 1117 1409 semper,

392 1429 587 1519 Divisosque
608 1429 711 1498 semel
729 1428 807 1498 fines
830 1440 1015 1521 sortemque
1037 1430 1184 1500 dicatam.

393 1539 478 1607 Sunt
499 1539 573 1620 duo,
595 1561 677 1630 quos
697 1540 810 1629 recipit
832 1537 947 1607 ductos
970 1563 989 1605 a
1010 1541 1131 1608 vertice
1152 1550 1276 1624 vertex,

390 1645 477 1716 lnter
497 1674 532 1717 se
555 1649 691 1731 adversi,
714 1651 768 1740 qui
790 1660 924 1718 cunctos
947 1658 1022 1716 ante
1044 1648 1162 1720 relatos

341 1776 380 1819 aa
394 1759 503 1850 Seque
525 1770 637 1828 secant
657 1762 787 1851 gemino
808 1767 964 1828 coeuntes
986 1759 1115 1828 cardine
1135 1761 1247 1828 mundi

393 1872 657 1962 Transversoque
679 1870 754 1961 polo
777 1880 901 1937 rectum
923 1868 1084 1940 ducuntur
1102 1870 1136 1940 in
1158 1892 1263 1955 axem,

392 1981 554 2072 Tempora
576 1983 739 2069 signantes
761 1982 835 2046 anni
857 1978 1048 2069 caelumque
1069 2002 1128 2069 per
1150 1988 1235 2048 asu-a

391 2091 552 2175 Quattuor
572 2092 605 2156 in
628 2099 736 2180 partes
759 2088 896 2155 divisum
917 2089 1080 2156 mensibus
1103 2089 1224 2179 aequis.

389 2198 479 2267 Alter
501 2199 540 2266 ab
563 2198 693 2268 excelso
717 2197 889 2266 decurrens
908 2197 1002 2266 limes
1026 2197 1164 2289 Olympo

338 2326 379 2368 ⁶1⁰
391 2309 557 2401 Serpentis
579 2309 716 2378 caudam
737 2310 839 2377 siccas
862 2318 895 2376 ct
917 2307 1030 2375 dividit
1050 2308 1176 2392 Arctos,

388 2419 431 2487 Et
450 2423 526 2510 iuga
548 2418 722 2488 Chelarum
744 2418 850 2486 medio
872 2418 1038 2486 volitantia
1059 2442 1150 2509 gyro,

389 2529 643 2619 Extremamque
665 2552 779 2596 secans
801 2527 949 2616 Hydram
976 2528 1183 2619 mediumque
1202 2528 1264 2600 sub
1285 2529 1404 2606 matris

390 2639 599 2722 Centaurum,
621 2641 757 2709 adverso
781 2639 944 2705 concurrit
965 2662 1074 2706 rursus
1096 2640 1130 2706 in
1152 2663 1224 2721 axe,

387 2750 431 2817 Et
452 2750 533 2818 redit
553 2751 588 2820 in
608 2748 745 2831 caelum,
767 2771 1005 2839 squamosaque
1028 2756 1158 2838 tergora
1180 2750 1252 2818 Ceti

336 2858 603 2952 ⁶1⁵Lanigeriqus
629 2868 721 2930 notat
747 2856 841 2941 fines,
872 2857 1059 2949 clarumque
1082 2858 1269 2951 Trigonum,

387 2970 678 3061 Andromedaeque
698 2971 787 3037 sinus
808 2971 900 3051 imos,
921 2968 1046 3059 fastigia
1067 2972 1187 3054 matris,

387 3082 647 3172 Principiumque
669 3104 764 3147 suum
786 3080 922 3170 repetito
946 3078 1074 3148 cardine
1096 3078 1222 3150 claudit
1322 3161 1325 3168 ¹

385 3191 476 3257 Alter
496 3194 528 3258 in
549 3190 634 3257 hunc
657 3190 797 3257 medium
819 3211 1046 3279 summumque
1066 3191 1274 3264 incumbitis
1294 3215 1403 3276 sirm,

384 3300 512 3391 Perque
534 3300 634 3391 pedes
654 3301 776 3390 primos
796 3300 958 3367 cervicem
979 3302 1092 3368 transit
1110 3310 1145 3370 et
1164 3301 1279 3387 Ursae,

335 3426 375 3469 oso
388 3410 495 3494 Quam
517 3418 641 3499 septem
663 3408 776 3476 stellae
796 3409 933 3500 primam
954 3411 1018 3475 iarn
1041 3409 1110 3477 sole
1132 3422 1256 3480 remoto

386 3519 586 3600 Producant,
608 3520 718 3607 nigrae
739 3523 949 3609 praebentem
970 3519 1090 3590 lumina
1111 3521 1216 3603 nocti;

320 3762 354 3820 A.
380 3764 478 3898 gepidi)
496 3767 589 3829 serta
608 3776 665 3836 quo
723 3777 749 3816 s.
763 3764 820 3819 612
841 3762 894 3817 sub
914 3762 999 3818 astris
1062 3761 1319 3821 notandorum
1380 3766 1527 3825 eorda

435 3857 482 3896 um

320 3966 352 4025 S.
378 3971 476 4026 1.-699
493 3974 571 4024 texto
668 3981 694 4021 r.
708 3967 765 4021 613
786 3961 938 4019 adversm
956 3994 995 4005 -
1014 3982 1095 4022 axern
1193 3984 1217 4023 r.
1231 3967 1291 4025 614
1308 3968 1339 4025 in
1360 3968 1465 4027 &tuin

319 4093 356 4152 B.
376 4113 403 4152 r.
419 4096 476 4153 599
496 4094 574 4161 secti,
595 4110 652 4167 qua
729 4109 754 4148 r.
769 4094 825 4149 612
846 4094 898 4148 sub
918 4092 1004 4150 armis
1083 4112 1107 4149 v.
1122 4096 1178 4152 613
1195 4094 1316 4153 adverso
1332 4098 1525 4174 consangit-

378 4174 413 4228 ab
435 4189 489 4229 axe
566 4190 591 4226 v.
606 4173 662 4227 616
684 4169 802 4244 vestigia

319 4296 356 4355 V.
377 4315 402 4353 r.
416 4300 473 4357 599
492 4307 574 4356 reato
594 4298 631 4355 V.
644 4302 671 4355 1.
683 4301 711 4353 2.
735 4296 770 4354 C.
790 4297 865 4352 sceti
885 4296 921 4353 G.
943 4296 978 4352 L.
1019 4300 1094 4354 tenti
1115 4299 1239 4369 correxi3
1265 4298 1304 4355 ad
1321 4297 1374 4372 filo
1394 4300 1522 4360 reseren-

377 4372 431 4428 dus
450 4382 560 4451 tropus.
638 4394 663 4431 r.
678 4378 735 4431 600
755 4374 897 4429 seruantis
916 4390 1025 4429 omnes.
1114 4393 1138 4430 r.
1153 4379 1208 4432 612
1228 4374 1281 4432 aab
1301 4380 1391 4435 ostris
1411 4396 1524 4448 omnes3

377 4467 450 4506 corr.
471 4449 548 4506 Scal.
644 4471 671 4509 r.
685 4453 742 4509 613
766 4447 901 4506 adversas
919 4448 957 4506 V.
971 4452 998 4507 1.
1010 4452 1038 4505 2.
1067 4450 1188 4508 aduerso
1207 4451 1242 4508 L.
1264 4452 1301 4510 G.
1329 4455 1398 4530 quia
1421 4456 1457 4514 ab
1478 4455 1524 4512 axi

376 4526 484 4582 arctico
504 4526 625 4595 exierat,
650 4544 755 4586 rursus
774 4526 804 4581 in
824 4521 954 4593 adversa,
974 4527 992 4583 i.
1014 4544 1040 4584 e.
1062 4527 1218 4585 antarctico
1237 4529 1285 4586 axi
1305 4532 1457 4598 concurrit.

376 4619 402 4659 r.
417 4602 475 4661 614
498 4602 531 4660 ln
550 4609 654 4673 mlum,
679 4624 732 4663 seu
757 4607 866 4660 recurat
890 4620 942 4659 seu
962 4609 1071 4662 aaron
1091 4622 1205 4676 amnes;
1231 4623 1304 4663 corr.
1324 4606 1422 4666 Bantl.

317 4741 335 4755 ,Ι
376 4698 402 4737 r.
416 4681 473 4737 616
492 4677 537 4737 erl
554 4682 676 4757 antipts
695 4697 839 4759 superscr.
855 4676 891 4735 L.
920 4678 983 4736 Sed
1003 4680 1028 4736 si
1046 4678 1250 4740 Andromedae
1270 4686 1443 4752 amasiones
1459 4690 1525 4744 tana

375 4757 427 4838 git,
446 4774 504 4815 non
522 4763 620 4836 potest
639 4756 809 4836 Cassiepiae
829 4755 951 4831 vestigia
969 4764 1099 4832 tangere,
1118 4756 1171 4818 sed
1191 4755 1341 4835 latinio„
