3700 5609
310 619 364 695 *12
735 618 840 687 Lmen
862 620 883 687 Ι.
929 646 958 686 ν.
982 632 1174 689 227-251.

386 791 551 878 Sacraque
573 789 605 855 in
628 791 781 857 extremis
803 793 988 881 quatiuntur
1010 793 1159 881 gentibus
1180 815 1264 859 aera.

386 899 512 984 Quodsi
534 898 629 987 plana
651 900 733 964 [oret
754 897 865 979 tellus,
892 900 995 968 semel
1017 911 1087 968 orta
1108 924 1167 991 per
1189 923 1318 968 omnem

386 1007 550 1077 Deficeret
570 1009 688 1098 pariter
709 1018 777 1075 toto
799 1009 987 1078 miserabilis
1010 1010 1086 1077 orbi.

335 1136 375 1175 ²³⁰
387 1118 454 1186 Sed
477 1120 550 1208 quia
569 1140 629 1207 per
650 1127 785 1184 teretem
808 1120 946 1188 deducta
969 1129 1018 1186 est
1039 1129 1124 1185 terra
1146 1130 1315 1201 tumorem,

385 1226 443 1292 His
467 1227 573 1309 modo,
594 1237 669 1318 post
688 1227 750 1292 illis
774 1239 907 1318 apparet
928 1229 1022 1296 Delia
1045 1232 1135 1296 terris

385 1337 542 1404 Exoriens
565 1336 776 1427 simulatque
799 1339 932 1421 cadens3
956 1341 1029 1430 quia
1051 1341 1152 1406 fertur
1172 1342 1205 1405 in
1228 1340 1339 1406 orbem

384 1447 526 1528 VentriS,
550 1455 583 1511 et
605 1445 733 1512 acclivis
755 1449 874 1537 pariter
896 1446 1031 1514 decbvia
1052 1450 1162 1537 iungit,

386 1555 492 1646 Atque
515 1554 593 1621 alios
617 1566 747 1644 superat
768 1579 865 1645 gyros
888 1556 1033 1648 abasque
1054 1558 1212 1649 relinquit.

334 1684 373 1723 2³⁵
386 1664 438 1731 Ex
460 1688 523 1754 quo
547 1664 706 1753 colligitur
727 1674 884 1730 terrarum
906 1667 1009 1734 forma
1031 1670 1178 1736 rotunda.

384 1774 478 1840 Hanc
500 1776 621 1842 circum
641 1774 750 1840 variae
772 1783 885 1863 gentes
903 1775 1070 1843 hominum
1092 1789 1188 1868 atque
1210 1779 1359 1860 ferarum,

385 1885 562 1976 Aeriaequc
586 1884 696 1950 colunt
717 1882 875 1951 volucres.
918 1910 993 1975 pars
1016 1889 1084 1954 eius
1107 1888 1147 1954 ad
1169 1887 1285 1955 Arctos

386 1995 524 2075 Eminet,
546 1996 694 2059 austrinis
718 2016 792 2083 pars
815 2004 864 2059 est
885 1994 1062 2063 habitabilis
1084 1999 1157 2078 oris,

386 2103 454 2169 Sub
475 2103 674 2192 pedibusque
695 2104 779 2174 iacet
801 2106 928 2182 nostris
949 2128 1110 2196 supraque
1133 2107 1260 2173 videtur

334 2211 457 2302 uolpsa
475 2213 543 2294 sibi,
565 2211 693 2277 fallente
715 2210 784 2279 solo
808 2211 942 2277 declivia
963 2212 1070 2303 longa,

384 2324 426 2389 Et
447 2325 566 2412 pariter
587 2332 738 2412 surgente
761 2324 823 2405 via,
845 2323 1027 2413 pariterque
1050 2324 1193 2391 cadente.

384 2432 477 2498 Hanc
501 2432 554 2498 ubi
577 2432 617 2498 ad
641 2455 775 2498 occasus
797 2442 924 2498 nostros
946 2432 995 2498 sol
1018 2434 1132 2523 aspicit
1153 2446 1251 2516 ortus,

384 2541 452 2608 Hlic
474 2550 542 2607 orta
566 2542 632 2608 dies
655 2543 775 2632 sopitas
800 2542 920 2608 excitat
943 2541 1048 2623 urbes,

390 2650 528 2716 Etcum
549 2649 623 2717 lucc
645 2653 742 2717 refert
764 2672 899 2740 operum
921 2650 1103 2749 vadimonia
1126 2654 1227 2734 tcrriS,

336 2778 375 2821 2⁴⁵
389 2761 459 2829 Nos
482 2762 514 2826 in
536 2770 632 2826 nocte
655 2785 776 2841 smnus,
798 2782 995 2850 somnosque
1017 2764 1049 2827 in
1071 2763 1213 2829 membra
1237 2763 1392 2829 locamus.

387 2872 510 2938 Pontus
531 2880 685 2961 utrosque
708 2871 773 2936 suis
796 2870 960 2958 distinguit
983 2878 1014 2936 et
1037 2869 1144 2961 alligat
1165 2872 1267 2937 undis

448 2981 521 3047 Hoc
545 3004 636 3071 opus,
658 2982 806 3047 immensi
828 2989 1048 3048 constructum
1071 3005 1206 3070 corpore
1230 2980 1349 3063 mundi,

383 3092 593 3183 Membraque
614 3100 748 3158 naturae
772 3092 899 3157 diversa
921 3090 1050 3156 condita
1072 3092 1183 3173 forma,

385 3202 499 3286 (Aeris,
521 3212 617 3293 atque
639 3203 731 3289 ignis,
754 3210 870 3281 terrae,
892 3198 1063 3290 pelagique
1084 3201 1229 3282 iacentis)

335 3329 375 3370 rw
386 3310 446 3377 Vis
469 3311 594 3376 animae
617 3310 721 3374 divina
744 3310 835 3398 regit,
857 3330 1016 3399 sacroque
1038 3318 1148 3375 meatu

386 3420 558 3508 Conspirat
580 3418 659 3485 deus
681 3426 714 3484 ct
735 3421 830 3486 tacita
854 3420 976 3485 ratione
998 3419 1164 3510 gubemat‚

322 3619 357 3675 A.
385 3636 410 3674 r.
424 3621 482 3676 227
501 3617 632 3693 Seraque
710 3635 736 3673 r.
750 3620 807 3675 228
827 3618 1043 3676 icta—omnes
1102 3637 1127 3675 v.
1141 3621 1198 3677 229
1219 3620 1287 3675 orbe

322 3747 354 3805 S.
381 3764 406 3803 v.
420 3748 478 3804 227
498 3744 628 3821 Seraque
725 3763 751 3801 v.
766 3748 823 3803 228
848 3744 940 3801 Simul
959 3745 1016 3802 icta
1034 3764 1064 3822 p.
1087 3764 1184 3802 omnes
1281 3763 1307 3801 v.
1321 3749 1378 3804 229
1398 3746 1450 3801 toti

381 3842 407 3879 v.
421 3822 480 3879 242
498 3822 573 3878 Hinc
593 3822 641 3878 ubi
661 3822 697 3878 ab
718 3840 823 3878 occasu
901 3840 927 3878 r.
941 3821 997 3879 245
1019 3840 1118 3878 somno
1138 3822 1180 3877 sic

321 3951 358 4008 B.
384 3967 409 4007 v.
424 3953 482 4008 227
508 3950 639 4030 Seraque
659 3981 697 3991 -
716 3948 819 4009 linibus
840 3967 908 4006 aera
1025 3968 1050 4005 v.
1064 3953 1120 4007 229
1144 3948 1291 4006 Deficeres
1311 3980 1348 3990 -
1368 3951 1421 4005 toti

379 4028 471 4083 v.235
491 4026 609 4082 inducit.
689 4044 713 4081 v.
726 4024 783 4083 243
803 4026 878 4082 alma
899 4024 961 4083 dies
1028 4025 1119 4083 v.245
1139 4024 1257 4082 inducit.
1318 4045 1342 4082 v.
1353 4025 1410 4083 246
1430 4035 1525 4083 utras·

381 4121 438 4179 que
457 4134 495 4143 —
515 4102 652 4179 disiungit

322 4223 359 4279 V.
380 4241 406 4278 r.
420 4225 477 4280 227
496 4223 622 4297 Seraque
642 4240 740 4279 ornnes
757 4231 874 4300 praeter
892 4222 929 4279 V.
943 4227 971 4290 2,
992 4223 1040 4298 qui
1060 4224 1208 4295 Sacraque
1270 4240 1293 4276 r.
1308 4224 1364 4279 229
1384 4225 1443 4278 toto
1463 4240 1524 4278 om·

379 4316 446 4368 nes3
465 4298 510 4353 uel
530 4302 582 4356 toti
595 4318 736 4376 superscr.
757 4317 776 4355 a
795 4318 868 4355 corr.
879 4299 914 4355 L.
936 4330 974 4339 -
993 4296 1055 4356 orbi
1073 4298 1206 4372 antiquus
1218 4296 1274 4354 abl.
1293 4305 1337 4355 est
1356 4295 1457 4353 ut-alii
1477 4316 1524 4375 ap.

378 4375 457 4430 Man.
555 4393 579 4432 r.
594 4380 651 4435 233
670 4375 716 4432 De
735 4383 831 4431 uenae
856 4374 893 4430 cs.
914 4376 1024 4431 Vitruv.
1045 4373 1125 4441 Vlll,
1145 4377 1173 4442 o,
1193 4376 1221 4432 5.
1319 4392 1344 4430 r.
1357 4376 1414 4431 237
1436 4374 1526 4430 Curta

380 4451 484 4517 oratio,
509 4469 563 4506 nec
588 4452 692 4509 Latina
717 4459 773 4508 est:
807 4452 917 4508 Terrae
942 4450 1104 4506 habitabilis
1151 4468 1196 4506 ars
1223 4449 1262 4505 ad
1285 4453 1386 4505 Arctos
1410 4450 1526 4517 eminet,

380 4546 448 4605 pars
469 4527 601 4583 austrinis
622 4530 679 4585 oris
698 4535 751 4585 est.
809 4545 836 4583 v.
850 4528 906 4585 245
926 4534 953 4583 ot
971 4524 1093 4583 ornnbra
1141 4531 1188 4594 .1,
1200 4529 1228 4583 2.
1249 4527 1354 4583 erroris
1365 4526 1438 4581 riam
1446 4526 1483 4582 V.
1496 4530 1524 4584 2.

381 4604 693 4681 aperit3uaml1abet,
715 4613 742 4675 t;
764 4603 890 4670 volebat,
905 4607 936 4660 ἶ.
963 4604 1130 4661 ramnusia
1150 4603 1186 4659 G.
1303 4621 1328 4659 v.
1342 4602 1398 4659 246
1418 4610 1527 4676 pontus

379 4699 438 4739 non
457 4678 552 4735 finitor
571 4689 624 4748 est,
645 4681 669 4736 is
689 4683 764 4737 enim
783 4680 926 4736 mutabilis
947 4689 1000 4747 est,
1019 4677 1071 4736 sed
1084 4698 1223 4749 oceanus3
1242 4681 1266 4736 is
1286 4680 1437 4753 distinguit
1458 4678 1524 4735 fini-

383 4761 444 4827 bus,
466 4763 494 4813 et
514 4755 621 4831 alligat,
641 4776 698 4812 non
719 4757 898 4825 commercio,
919 4756 971 4814 sed
984 4757 1051 4831 quia
1065 4756 1147 4813 unius
1165 4758 1292 4834 corporis
1310 4762 1407 4833 partes
1423 4757 1523 4813 sociat.
