3700 5609
357 619 401 685 to
704 611 866 683 1163311.
909 637 941 680 v.
965 617 1152 679 346-366.

371 806 409 848 ³⁴⁵
424 789 628 855 Consensum
650 786 757 877 signis,
778 810 839 852 nec
862 808 937 851 eum
959 792 1033 849 sunt
1055 784 1136 848 16616
1160 780 1323 871 quadrata,

422 900 583 965 Continuo
603 899 686 964 inter
708 920 743 963 se
766 904 896 962 servant
919 896 1111 961 commercia
1132 915 1248 959 rerum.

422 1009 529 1076 Distat
551 1009 649 1087 enim,
673 1030 713 1072 an
735 1008 833 1096 partis
857 1014 1025 1071 consumat
1046 1004 1128 1070 linea
1151 1006 1260 1083 iustae,

422 1119 630 1186 Detractetne
652 1118 784 1184 modum
806 1117 940 1200 numeri,
965 1139 1060 1206 quem
1083 1114 1219 1181 circulus
1244 1112 1349 1178 anrbit.

421 1230 517 1297 Nunc
540 1238 603 1294 tres
627 1227 752 1309 efficiet,
773 1251 858 1294 nunc
882 1235 1032 1316 quattuor
1054 1224 1195 1315 undique
1219 1225 1342 1302 (136166,

373 1359 412 1400 666
425 1341 516 1424 Quos
538 1340 570 1403 in
590 1336 681 1427 plura
703 1338 791 1404 iubet
814 1338 894 1402 ratio
918 1335 1094 1426 procedere
1117 1338 1207 1425 signa

420 1448 591 1529 Interdum,
614 1471 710 1537 quarn
732 1456 806 1513 sunt
828 1448 968 1513 numeris
992 1456 1168 1514 memorata
1191 1467 1249 1535 per
1271 1444 1391 1510 orbern.

423 1558 489 1626 Sed
511 1557 607 1646 longe
630 1559 732 1624 maius
755 1559 804 1622 ius
827 1566 876 1622 est
897 1580 956 1645 per
978 1561 1068 1645 signa
1090 1556 1207 1647 trigoni

424 1671 530 1754 Quam
554 1668 667 1757 quibus
691 1678 739 1735 est
761 1668 869 1735 titulus
893 1669 951 1735 sub
976 1677 1087 1759 quarto
1112 1689 1240 1757 quoque
1262 1662 1433 1754 quadratis.

423 1777 525 1844 Altior
548 1788 597 1843 est
617 1777 733 1843 horum
754 1789 914 1845 summoto
938 1779 1022 1845 linea
1044 1776 1178 1868 templo:

374 1887 481 1955 6631113
503 1890 605 1975 magis
628 1889 732 1954 vicina
755 1898 841 1954 nreat
862 1887 1017 1979 caeloque
1040 1887 1169 1967 recedit,

425 1998 468 2063 Et
488 1998 619 2086 propius
643 2008 743 2063 terras
767 1998 891 2065 accedit
912 2001 1000 2065 visus
1026 2020 1146 2078 eorum,

424 2105 573 2195 Aeraque
595 2107 747 2172 iniectum
768 2117 894 2174 nostras
918 2109 1054 2175 demittit
1076 2109 1116 2173 ad
1138 2130 1241 2173 36636.

487 2214 615 2280 Debilia
637 2215 765 2282 alternis
790 2218 862 2284 data
885 2228 960 2284 sunt
982 2219 1174 2286 commercia
1196 2219 1295 2306 signis

424 2327 544 2407 Mutua,
567 2349 628 2392 nec
651 2350 767 2415 niagno
791 2352 953 2395 consensu
974 2328 1105 2396 foedera
1127 2336 1272 2409 servant3

377 2436 530 2503 solnvita
553 2445 688 2524 angusto
712 2439 798 2527 quod
817 2438 901 2505 linea
923 2440 1061 2505 flectitur
1083 2438 1168 2505 orbe.

424 2546 510 2612 Nam
533 2568 607 2611 cum
628 2570 687 2635 per
709 2547 787 2613 tales
810 2550 987 2615 formantur
1007 2549 1132 2639 singula
1154 2546 1247 2614 limos

426 2655 549 2737 Sidera,
572 2664 605 2720 et
627 2656 749 2722 alterno
773 2658 950 2725 devertitur
971 2659 1106 2750 angulus
1130 2670 1225 2739 astro,

426 2765 558 2855 Sexque
579 2790 637 2855 per
659 2769 820 2834 anfractus
845 2778 996 2835 curvatur
1017 2768 1141 2859 virgula
1161 2770 1194 2835 in
1218 2767 1342 2851 orbe1n3

425 2876 455 2941 A
478 2876 585 2943 Tauro
608 2877 748 2944 venitin
772 2879 943 2960 Cancrum,
966 2889 1034 2946 turn
1055 2880 1188 2969 Virgine
1212 2889 1295 2945 13613

376 3004 414 3045 ³⁰⁵
428 2987 585 3077 Scorpion
607 2988 792 3079 ingreditur,
815 3013 878 3080 quo
902 2999 944 3073 te,
967 2988 1172 3080 Capricorno,
1194 2991 1351 3078 rigentem

362 3218 395 3274 A.
424 3238 449 3275 3.
464 3221 519 3277 345
542 3222 597 3277 6161
618 3232 694 3279 sorte
772 3242 797 3277 3.
813 3222 868 3280 346
891 3224 1033 3280 Continuo
1117 3242 1141 3278 v.
1157 3226 1214 3281 350
1233 3224 1311 3281 iuvet
1398 3242 1422 3280 3.
1435 3221 1488 3283 351
1513 3226 1568 3281 sint

422 3300 630 3355 3352133166
651 3300 691 3354 316
771 3318 794 3353 3.
810 3302 866 3357 353
887 3301 1043 3374 quadratus
1107 3301 1337 3358 33571111311111
1395 3321 1420 3357 3.
1433 3305 1491 3359 358
1506 3302 1566 3358 De-

408 3373 536 3449 .viaque’
602 3395 627 3430 3.
642 3380 696 3433 361
719 3375 807 3431 631166
886 3396 911 3433 3.
926 3381 983 3433 362
1004 3377 1152 3433 divertitur

363 3498 395 3556 S.
416 3527 442 3562 v·
457 3502 512 3562 345
534 3506 590 3560 sint
609 3512 685 3559 sorte
763 3523 787 3559 v.
803 3504 859 3562 346
881 3506 1023 3562 Continuo
1101 3505 1399 3564 33166663616136
1472 3525 1497 3563 3.
1512 3506 1567 3566 349

422 3580 530 3641 61116131
607 3600 632 3636 3.
647 3582 704 3637 352
723 3582 814 3637 rnaior
833 3583 874 3638 316
961 3600 986 3637 3.
1000 3585 1057 3641 353
1078 3582 1235 3658 quadratus
1334 3601 1357 3642 3.
1374 3585 1431 3642 357
1452 3582 1568 3641 dimittit

421 3681 446 3717 v.
463 3662 520 3716 358
539 3658 687 3732 Deviaque
765 3676 790 3717 v.
805 3661 857 3716 361
881 3659 963 3715 limas
1040 3678 1066 3716 v.
1082 3663 1138 3716 362
1159 3658 1306 3715 divertitur

362 3790 399 3849 B.
421 3808 446 3845 3.
461 3786 517 3844 346
540 3786 683 3842 Continuo
799 3804 825 3843 v.
841 3789 897 3845 352
922 3788 1011 3856 enirn,
1028 3797 1138 3866 ‚partes
1261 3807 1286 3844 v.
1302 3787 1358 3845 349
1384 3786 1494 3845 61116131

420 3886 446 3922 3.
461 3868 518 3922 352
536 3864 628 3919 rnaior
646 3864 688 3919 316
708 3896 746 3903 -
764 3864 882 3939 trigonis
980 3884 1005 3921 3.
1021 3865 1076 3923 356
1102 3865 1185 3920 166616
1282 3884 1307 3920 v.
1322 3868 1378 3923 356
1404 3865 1442 3921 At
1462 3865 1551 3923 dubia

423 3963 447 4000 3.
462 3946 516 3999 361
538 3942 693 4019 pertransit
712 3940 850 3997 formatus
872 3962 895 3997 s.
916 3942 997 3999 limes
1076 3961 1101 3998 3.
1117 3944 1172 3999 365
1194 3950 1251 3997 turn
1271 3950 1299 3999 te

365 4074 402 4130 V.
423 4091 449 4129 3.
464 4072 520 4129 345
541 4076 606 4126 sunt
625 4077 702 4125 66616
721 4070 758 4125 V.
775 4074 802 4126 1.
816 4074 845 4126 2.
867 4071 901 4126 C.
922 4070 996 4142 forto
1015 4071 1049 4127 L.
1064 4072 1100 4127 G.
1179 4089 1205 4125 3.
1218 4071 1274 4128 346
1299 4071 1438 4129 Continuo
1459 4091 1569 4131 omnes.

423 4170 450 4205 3.
464 4150 521 4205 347
540 4150 633 4222 partie
651 4165 759 4203 ornner.
876 4166 901 4203 v.
916 4148 974 4204 348
996 4151 1198 4223 Detraotetpne
1217 4167 1325 4204 ornnes.
1348 4167 1421 4205 corr.
1442 4150 1479 4205 B.

421 4246 445 4281 v.
462 4225 518 4283 3411
538 4221 639 4294 efficiet
659 4243 767 4280 616366.
862 4244 886 4279 3.
902 4229 959 4282 350
979 4228 1053 4281 16661
1073 4244 1180 4281 ornnes.
1203 4243 1275 4280 6666.
1296 4224 1375 4281 6631.
1464 4246 1491 4282 3.
1513 4229 1570 4285 352

422 4303 576 4358 3136166616
595 4300 629 4355 L.
653 4302 689 4357 G.
716 4302 811 4357 nraioe
828 4306 873 4359 136
892 4303 929 4357 V.
947 4308 974 4359 1.
991 4306 1020 4357 2.
1043 4300 1077 4356 C.
1104 4302 1162 4357 noli
1194 4302 1223 4356 in
1249 4302 1372 4378 repetita
1398 4302 1570 4376 6311316366

422 4379 557 4445 haerere,
585 4396 670 4451 quun]
697 4378 786 4434 altera
805 4380 989 4453 corripiatur,
1013 4377 1189 4455 producatur
1216 4377 1316 4434 altera.
1352 4378 1431 4452 quod
1450 4381 1571 4436 vinnon

422 4450 914 4527 3616366361336136113131313
935 4464 988 4510 est.
1087 4473 1112 4510 v.
1130 4457 1186 4511 353
1207 4454 1361 4529 3366116136
1384 4455 1420 4511 V.
1442 4460 1470 4512 1.
1491 4461 1521 4515 2.

424 4551 447 4587 3.
463 4532 519 4588 357
539 4527 657 4587 dimittit
676 4550 784 4587 ornnes.
807 4550 879 4587 corr.
899 4531 936 4585 B.
1015 4550 1041 4587 v.
1058 4532 1114 4589 358
1135 4534 1277 4605 1166163366
1298 4550 1406 4588 omnes.
1427 4532 1492 4607 Ego
1505 4551 1570 4590 cor-

384 4644 387 4649 »
422 4609 491 4665 rexi.
514 4605 633 4681 (Lectio
653 4608 728 4664 V.2.
752 4608 844 4683 qualis
865 4608 915 4673 sit,
941 4627 998 4663 non
1020 4625 1168 4683 expung0;
1195 4609 1340 4663 literarum
1364 4609 1440 4664 enirn
1468 4609 1570 4667 duetus

423 4685 467 4742 vel
491 4684 590 4739 Tertio
611 4683 718 4751 solvas,
745 4685 790 4742 vel
812 4686 911 4742 Eoroio
934 4684 978 4741 361
1000 4688 1115 4759 Eorta.)
1233 4702 1257 4739 v.
1274 4688 1329 4743 361
1357 4684 1436 4742 tineae
1456 4704 1571 4758 omnes3

422 4780 476 4838 ego
498 4777 617 4816 corrern.
950 4785 953 4794 ·
1106 4774 1107 4778 ’
