3700 5609
712 609 819 680 Linea
839 613 880 681 V.
924 637 955 682 v.
978 619 1123 681 rto-'oh

341 786 383 844 ‘⁴0
394 782 450 853 llla
473 786 615 877 quisquis
638 786 697 853 erit
718 788 809 852 tenis
831 787 954 852 oriente
977 793 1113 867 creatus,

391 894 514 963 Rector
534 896 593 961 erit
614 896 739 986 puppis,
762 894 919 984 clavoque
942 890 1110 961 immobilis
1132 892 1268 961 haerens

392 1004 528 1072 Mutabit
548 1004 664 1095 pelago
688 1014 798 1085 terras,
818 1005 986 1093 ventisque
1009 1014 1163 1095 sequetur

391 1111 576 1195 Fortunam,
598 1123 764 1205 totumquo
788 1112 875 1179 volet
897 1123 1022 1181 tranare
1044 1112 1237 1203 protundum
1299 1130 1302 1140 '

393 1222 567 1305 Classihus,
589 1233 685 1314 atque
707 1224 785 1290 alios
809 1246 947 1306 menses,
970 1222 1131 1313 aliumque
1154 1223 1263 1289 videre

353 1332 521 1415 “Phasim
545 1342 576 1400 et
597 1335 629 1399 iu
653 1343 762 1401 cautes
786 1332 914 1422 Tiphyn
937 1355 1090 1422 superare
1111 1342 1320 1399 trementem.¹

392 1442 485 1510 Tolle
507 1445 585 1509 istos
608 1454 718 1533 partus
743 1443 907 1510 hominum
931 1441 989 1507 sub
1013 1443 1116 1508 sidere
1134 1442 1203 1523 tali,

391 1551 566 1620 Sustulen's
590 1553 709 1620 hcllum
732 1553 859 1635 Troiae,
881 1552 1082 1641 classemque
1105 1552 1242 1618 solutam

390 1663 555 1751 Sanguine
577 1672 609 1728 et
631 1662 797 1752 appulsam
822 1663 929 1744 terris3
951 1682 1015 1727 non
1039 1661 1168 1729 invehet
1190 1663 1282 1729 undis

390 1771 532 1853 Persida,
555 1756 614 1839 nee
636 1772 770 1863 pelagus
791 1772 920 1839 Xerxes
944 1772 1102 1861 facietque
1124 1780 1290 1862 legetque3

353 1881 485 1949 avictu
508 1882 677 1970 Syracusis
700 1882 837 1949 Salamis
858 1903 923 1945 non
947 1890 1072 1970 merget
1092 1877 1245 1959 Athenas,

388 1992 511 2058 Punica
533 2015 594 2058 nec
617 2000 684 2058 toto
706 1989 874 2057 fluitabunt
896 2014 1037 2081 aequore
1059 1999 1172 2070 rostra,

387 2101 600 2191 Actiacosque
623 2102 710 2166 sinus
733 2102 815 2167 inter
837 2122 1013 2188 suspensus
1035 2102 1194 2190 utrimque

389 2209 491 2290 Orbis,
515 2219 547 2275 et
567 2211 599 2274 in
622 2217 720 2298 ponto
744 2208 825 2275 caeli
847 2211 973 2285 fortuna
995 2210 1123 2277 natabit.

387 2320 451 2413 His·
468 2318 601 2386 ducibus
625 2340 722 2384 caeco
744 2318 905 2393 ¹ducuntur
925 2320 956 2384 in
981 2342 1123 2408 aequore
1145 2320 1275 2401 classes,

331 2448 377 2508 ¹⁶³
390 2428 431 2495 Et
453 2431 516 2495 coit
538 2430 606 2519 ipsa
630 2428 687 2495 sibi
710 2428 813 2511 tellus,
835 2438 986 2519 totusque
1008 2451 1066 2517 per
1088 2453 1165 2496 usus

388 2537 543 2604 Diversus
565 2562 673 2606 rerum
694 2540 798 2606 ventis
821 2541 993 2605 arcessitur
1015 2538 1108 2605 orbis.

386 2647 452 2715 Sed
475 2648 611 2715 decuma
632 2648 739 2715 lateris
761 2672 895 2739 surgens
920 2647 960 2715 de
982 2659 1072 2740 parte
1094 2649 1211 2715 sinistri
1246 2737 1251 2744 ι

387 2758 545 2825 Maximus
568 2758 678 2841 Orion,
699 2778 918 2850 magnumque
941 2759 1107 2851 amplexus
1131 2758 1314 2849 Olympum,
1335 2797 1378 2811 -

302 2874 306 2880 '
390 2869 463 2953 Quo
486 2867 629 2958 fulgente
648 2890 746 2957 super
768 2878 869 2934 terras
892 2867 1082 2959 caelumque
1102 2865 1247 2934 trahente

350 2978 549 3045 arEmentita
573 2978 657 3045 diern
678 2978 786 3067 nigras
808 2999 874 3042 nox
894 2975 1053 3043 contrahit
1074 2976 1152 3043 alasv
1165 3013 1204 3028 -

386 3088 531 3157 Sollertis
555 3089 688 3168 animos,
710 3087 836 3155 velocia
858 3108 995 3178 corpora
1017 3085 1125 3176 linget,

322 3328 357 3385 A.
383 3329 460 3388 ν.40
479 3329 532 3387 lllo
638 3329 714 3388 utu
734 3325 840 3385 Sidera
858 3358 897 3368 —
915 3326 1058 3404 ferietque
1158 3345 1184 3386 v.
1198 3329 1235 3387 50
1254 3325 1526 3403 Roma'Syracusas

377 3408 463 3541 ΕΞ.
477 3414 630 3483 uterque·
674 3424 700 3463 v.
714 3406 752 3479 51
772 3423 882 3462 summa
958 3407 1038 3522 uiti
1057 3423 1191 3481 magnum
1211 3406 1315 3484 compl.
1394 3424 1419 3463 v.
1435 3409 1473 3463 60
1490 3406 1528 3463 Et

321 3629 353 3687 S.
378 3647 404 3686 v.
418 3628 457 3686 4ο
475 3627 527 3685 Illo
605 3648 631 3686 v.
645 3629 683 3688 49
703 3629 808 3707 Sipara
886 3648 911 3685 v.
926 3632 964 3687 50
983 3627 1062 3685 Vera
1080 3660 1118 3670 —
1136 3630 1239 3705 mergit
1315 3645 1341 3687 v.
1359 3631 1397 3688 57
1416 3645 1527 3686 summa

378 3723 404 3763 v.
418 3709 456 3765 58
474 3723 607 3782 magnum
627 3706 731 3784 compl.

319 3851 358 3908 B.
378 3851 458 3909 ν.44
476 3852 589 3927 Minyas
686 3871 713 3908 r.
727 3851 764 3909 46
785 3861 864 3909 ortus
961 3870 986 3907 v.
1001 3854 1039 3908 50
1057 3851 1137 3909 Vera
1233 3871 1258 3907 v.
1273 3854 1307 3909 51
1330 3858 1463 3906 transtra.

380 3946 407 3984 r.
421 3927 458 3986 52
478 3930 644 3987 Actiacosve
722 3947 746 3984 v.
761 3927 799 3986 54
820 3928 982 3984 discurrunt

321 4075 358 4134 V.
380 4093 405 4131 v.
419 4074 457 4134 40
476 4074 544 4133 Illic
563 4093 671 4132 omnes.
692 4092 765 4131 corr.
786 4072 864 4131 Scal.
885 4083 915 4129 et
934 4074 969 4130 B.
1049 4092 1073 4130 v.
1088 4074 1123 4130 41
1145 4075 1261 4149 puppim
1280 4072 1314 4129 L.
1335 4075 1420 4148 puppi
1439 4071 1476 4129 V.
1496 4076 1526 4130 2.

379 4171 437 4209 non
455 4148 545 4209 male!
562 4183 601 4193 —
624 4150 701 4208 hereo
721 4150 755 4207 L.
776 4149 871 4207 haeret
890 4148 926 4206 V.
943 4154 969 4206 l.
1089 4169 1112 4206 e.
1126 4150 1163 4207 46
1182 4155 1283 4225 portae
1303 4152 1417 4224 (portur
1435 4146 1526 4221 V..2.)

379 4247 488 4286 omnes.
510 4233 591 4285 ortua
611 4228 649 4284 G.
765 4226 842 4284 ν.49
863 4224 965 4283 Sidere
984 4226 1021 4283 V.
1037 4231 1065 4283 1.
1087 4226 1121 4283 C.
1148 4229 1203 4283 Per
1221 4224 1316 4283 utera
1333 4224 1368 4280 L.
1390 4224 1528 4299 (inducta
1622 4248 1624 4255 ·

380 4305 449 4378 Per)
471 4302 621 4361 Persidem
640 4304 678 4361 V.
689 4308 717 4361 2.
739 4322 812 4359 corr.
833 4302 854 4358 l.
875 4302 960 4358 Voss.
1049 4322 1074 4361 v.
1089 4305 1126 4360 50
1148 4306 1221 4359 Vero
1241 4301 1346 4371 ceteri3
1367 4299 1445 4435 quod
1463 4302 1526 4358 sru-

380 4389 440 4437 stra
459 4379 606 4458 explicare
634 4380 670 4437 B.
701 4378 819 4435 studuit.
867 4381 993 4454 Utraque
1022 4381 1057 4440 V,
1075 4383 1102 4436 2.
1136 4396 1190 4453 ego
1211 4378 1330 4435 correxi.
1397 4379 1526 4453 yracusis

380 4458 454 4515 victa
474 4456 614 4524 salamis,
633 4457 726 4532 gloria
745 4463 774 4512 et
793 4455 922 4532 potentia
942 4457 1068 4524 navalis,
1095 4454 1221 4511 Athenas
1241 4472 1359 4531 pessum
1379 4454 1468 4512 dedit.
1489 4465 1527 4496 -‘-

378 4539 488 4608 merqut
506 4532 543 4589 V.
556 4537 586 4591 2.
665 4552 690 4591 v.
704 4536 740 4591 52
761 4539 908 4606 utrumque
928 4551 1034 4590 ornnes.
1056 4551 1128 4588 corr.
1150 4530 1227 4588 scal.
1249 4531 1383 4607 idemque
1404 4532 1527 4598 coniicit,

378 4617 500 4686 uterque.
615 4625 641 4666 v.
657 4612 695 4668 57
713 4626 824 4666 maimo
844 4608 942 4665 ceteri.
969 4608 1039 4667 deuo
1057 4607 1204 4665 mulotorie
1222 4608 1259 4665 V.
1270 4612 1299 4667 2.
1320 4608 1455 4683 idemque
1474 4609 1527 4664 sub

380 4703 482 4742 rasura
500 4685 536 4742 L.
558 4705 631 4743 corr.
650 4687 687 4743 B.
786 4703 810 4740 v.
825 4685 863 4741 58
881 4702 1067 4761 unoquemque
1085 4682 1172 4760 ampl.
1194 4703 1301 4743 ornnes.
1395 4703 1419 4741 v.
1433 4688 1471 4739 60
1490 4685 1528 4739 Et

381 4765 498 4819 mentitu
517 4781 626 4822 omnes.
649 4781 721 4819 corr.
742 4760 820 4819 Scal.
899 4778 925 4817 ν.
940 4764 975 4818 61
998 4760 1127 4821 Sollentia
1145 4759 1182 4818 V.
1192 4764 1221 4819 2.
1241 4761 1297 4820 1..
1348 4805 1353 4814 .
