3700 5609
1489 563 1527 611 11

320 715 417 799 „cod
439 713 575 783 membr.
595 712 649 780 fol.
673 713 763 793 min,
785 708 914 779 saeculo
937 709 1012 793 XII,
1042 710 1277 780 characteribus
1307 713 1525 782 minutissimis

320 842 465 934 binisque
488 841 644 909 columnis
667 847 851 922 exaratus;”
874 849 909 906 ut
931 841 999 928 ipsa
1024 838 1084 906 Th.
1108 837 1238 905 Oebleri
1259 841 1357 908 verba
1379 842 1525 909 referam.
1575 811 1577 818 Α

321 967 487 1060 Inscriptio
522 973 571 1034 'est
604 968 732 1050 eadem,
767 992 849 1059 quae
879 966 1071 1056 Lipsiensis:
1107 966 1235 1034 ARATI
1265 967 1527 1037 PHILOSOPHI

321 1094 579 1165 ASTRONOMI
593 1096 598 1180 Ι
611 1094 711 1161 CON.
733 1093 864 1161 LIBER
885 1092 1059 1164 PRIOEVS
1088 1080 1214 1161 tNClP.
1236 1093 1526 1185 Pssntlssaulop.

321 1221 451 1292 indoles
480 1245 558 1289 vero
589 1223 703 1289 eadem
730 1222 841 1311 plane,
870 1244 953 1312 quae
984 1220 1127 1287 eiusdem
1149 1219 1339 1310 Lipsiensis.
1356 1228 1527 1315 postquam

322 1353 514 1420 correctoris
535 1350 696 1417 licentiam
718 1359 839 1440 passus
855 1360 912 1416 est.
961 1348 1049 1418 Nihil
1074 1349 1170 1438 igitur
1197 1349 1237 1415 ad
1266 1352 1407 1418 carmina
1436 1351 1528 1418 resti-

321 1478 444 1547 tuenda
465 1501 661 1569 magnopere
683 1480 810 1567 proluit,
832 1476 986 1544 hactenus
1010 1486 1117 1542 autem
1134 1477 1360 1561 memorabilis,
1382 1481 1464 1570 quia,
1487 1478 1528 1545 ad

324 1607 412 1697 quod
433 1607 579 1674 seculum
602 1630 640 1673 ea
662 1605 863 1696 interpolatio
887 1614 1039 1686 recurrat,
1063 1613 1204 1672 testatur.

409 1732 564 1801 Eiusdem
591 1735 658 1800 iere
688 1720 808 1799 ordinis*
838 1743 887 1800 est
912 1734 1091 1801 Vossianus
1118 1733 1254 1823 primus,
1282 1736 1335 1826 qui
1359 1737 1393 1803 in
1415 1735 1528 1803 biblio-

323 1860 419 1931 theca
440 1860 591 1931 Leidensi
612 1861 671 1927 sub
693 1885 739 1927 nr.
759 1863 798 1927 18
820 1871 1015 1927 asservatur.
1058 1859 1158 1926 ‘Liber
1179 1884 1395 1951 papyraceus,
1423 1872 1457 1929 et
1476 1886 1526 1930 se·

272 2003 274 2007 ‘
325 1989 409 2073 culo,
425 1990 492 2070 *nisi
513 1987 613 2071 fallor,
634 1988 701 2057 XV
723 1987 776 2054 vel
797 1986 877 2055 XVI
898 1989 1121 2078 seriptus'est
1151 2011 1345 2080 quamquam
1367 1993 1529 2083 antiquatn

326 2119 516 2210 scripturam
537 2119 699 2217 imitatur.¹
729 2115 911 2183 Inscribitur
932 2116 1026 2206 plane
1049 2116 1350 2201 nicodemianos,
1366 2120 1427 2187 uisi
1443 2118 1530 2211 quod

325 2268 441 2314 manus
462 2231 631 2326 recentior,
653 2245 789 2312 inductis
812 2243 944 2311 ARATI
966 2242 1238 2326 PHILOSOPHI,
1261 2244 1398 2312 addidit:
1423 2249 1530 2316 Mares·

325 2377 472 2470 Manilii,
496 2384 527 2440 et
547 2376 579 2439 in
603 2374 761 2462 margine:
783 2377 840 2438 Aa
863 2376 951 2437 Gaas.
975 2378 1061 2459 Aug.
1105 2374 1134 2437 ls
1158 2373 1254 2462 igitur
1281 2371 1387 2441 codex
1409 2373 1531 2442 Cusani

325 2501 436 2571 similis
465 2512 531 2584 est,
559 2526 597 2567 ae
624 2512 731 2567 tamen
760 2499 855 2582 alius3
884 2523 960 2567 nam
987 2501 1091 2591 prima
1117 2502 1150 2567 in
1172 2510 1263 2591 parte
1286 2503 1366 2568 miro
1390 2502 1530 2591 quodam

326 2631 439 2713 modo,
464 2631 496 2696 in
522 2630 660 2696 minimis
687 2631 784 2695 etiam
812 2630 940 2710 erratis,
970 2652 1067 2719 saepe
1096 2651 1171 2695 cum
1196 2628 1357 2696 Vossiano
1387 2628 1528 2698 secundo

326 2759 495 2825 consentit.
537 2757 633 2825 Hune
657 2759 752 2823 etiam
773 2756 890 2823 librum
912 2779 1038 2823 summa
1060 2754 1222 2846 diligentia
1251 2757 1321 2847 ipse
1349 2756 1531 2826 exscribere

325 2893 430 2954 totum
450 2887 549 2975 potui.

411 3014 477 3081 Per
497 3013 557 3080 bos
576 3015 645 3081 'fere
667 3002 842 3080 descensus
866 3014 985 3079 sensim
1007 3013 1049 3079 ad
1072 3034 1127 3079 eos
1154 3012 1252 3078 libros
1279 3013 1422 3095 venitur,
1449 3037 1530 3105 ques

324 3140 422 3234 plane
445 3165 483 3209 ae
499 3142 575 3208 'rudi
595 3144 725 3231 ingenio
742 3141 952 3231 interpolatos
974 3163 1086 3207 omnes
1107 3149 1181 3206 ante
1195 3139 1397 3232 Scaligerum
1412 3142 1532 3214 nlmitii

325 3269 466 3338 editores
489 3279 725 3359 expresserunt.
768 3268 816 3336 Eo
838 3271 871 3336 in
893 3277 1028 3336 numero
1051 3268 1214 3338 Parisinus
1238 3278 1288 3335 est
1311 3280 1343 3337 et
1366 3271 1531 3339 Oxonien·

297 3399 386 3481 'sis3
415 3422 495 3489 quos
521 3400 592 3465 iure
618 3399 740 3487 sprevit
766 3395 948 3482 Bentleius,
988 3397 1162 3464 admiratus
1193 3407 1242 3463 est
1270 3396 1357 3465 Elias
1384 3398 1530 3467 Stoeber.

325 3525 399 3618 Ego
423 3549 534 3595 eorum
556 3524 696 3591 indolem
720 3534 752 3592 et
778 3526 943 3615 ingenium
967 3527 1012 3591 ita
1039 3523 1116 3591 mihi
1145 3526 1266 3615 optime
1294 3527 1412 3594 referre
1441 3528 1532 3596 vide·

327 3655 395 3736 bar,
417 3655 444 3719 si
465 3656 558 3720 unius
581 3652 713 3720 alicuius
736 3652 928 3743 exemplaris
951 3653 1081 3743 plenam
1102 3654 1291 3720 varietatem
1307 3676 1531 3744 proponerem.

326 3780 363 3850 ln
386 3804 449 3872 quo
473 3804 571 3871 quum
592 3804 709 3871 magna
732 3780 845 3848 electio
869 3791 964 3863 esset,
987 3783 1101 3849 ceteris
1125 3780 1297 3849 editionem
1317 3782 1446 3849 Antonii
1461 3783 1533 3851 Mo-

327 3908 394 3977 linii
422 3909 845 3999 Matisconensispraetuli,
875 3933 957 4001 quae
984 3920 1016 3977 et
1044 3912 1205 3977 rarissima
1231 3917 1282 3976 est
1311 3917 1344 3975 et
1365 3934 1462 4003 saepe
1484 3912 1534 3980 sui

329 4037 523 4106 desiderium
544 4038 654 4119 movit,
678 4042 751 4128 quia
772 4063 815 4108 ex
836 4041 966 4132 antiquo
989 4038 1100 4105 codiee
1129 4038 1262 4105 fluxisse
1289 4036 1418 4131 dicitur,
1448 4039 1533 4132 quod

327 4187 533 4257 nequaquam
554 4168 600 4233 ita
622 4189 658 4233 se
680 4165 784 4233 habet
828 4166 906 4233 Eius
929 4168 1024 4257 igitur
1046 4168 1191 4235 editionis
1209 4165 1441 4235 lectionessub
1454 4166 1534 4259 sigla

328 4295 473 4384 Atquia
495 4302 647 4383 antiques
669 4295 823 4363 editiones
845 4297 958 4379 refert)
986 4304 1111 4362 notatas
1138 4293 1246 4363 babes.
1300 4295 1459 4387 Sequiturv
1474 4296 1533 4371 sub

328 4422 420 4491 litera
452 4422 486 4489 S.
512 4425 658 4490 recensio
688 4424 853 4514 Scaligeri.
910 4424 948 4491 B.
977 4424 1176 4491 coniecturas
1209 4422 1349 4492 Bentleii
1382 4426 1533 4496 continet.

322 4551 370 4620 «V.
392 4552 593 4643 praecipuas,
615 4552 673 4619 sed
696 4576 826 4643 paucas,
847 4552 1000 4620 lectiones
1024 4574 1136 4619 eorum
1158 4551 1267 4635 codd,
1296 4575 1377 4644 quos
1400 4574 1461 4643 ego
1482 4577 1534 4622 se·

330 4690 424 4749 cartus
441 4693 524 4763 sum,
546 4702 622 4747 cum
641 4680 734 4749 brevi
753 4703 825 4748 meo
847 4680 964 4749 iudicio
986 4679 1188 4771 amplectitur
1205 4681 1259 4763 ita,
1283 4690 1320 4749 ut
1334 4681 1382 4753 tt
1392 4682 1432 4761 ,1,
1449 4678 1535 4750 Vos·
1572 4742 1574 4745 ,
