3700 5609
386 583 430 649 50
764 574 870 645 Lroua
891 574 926 642 n.
971 600 1002 643 v.
1026 580 1219 644 121-144.

450 751 593 820 Cernere
616 758 649 816 et
670 758 808 837 angusto
830 747 890 813 sub
912 757 1044 837 pectore
1066 745 1217 813 claudere
1238 746 1348 836 possit,

449 862 493 929 Ni
514 869 618 925 tantos
642 860 753 925 animis
775 857 886 925 oculos
907 868 1022 924 natura
1044 856 1193 937 dedisset,

449 973 694 1060 Cognatamque
716 970 766 1035 sui
788 978 930 1035 mentem
953 970 1101 1034 vertisset
1123 966 1163 1033 ad
1184 970 1298 1057 ipsam,

447 1080 490 1147 Et
511 1090 636 1146 tanturn
659 1080 811 1146 dictasset
832 1101 924 1168 opus,
947 1077 1102 1167 caeloque
1123 1080 1249 1145 veniret

398 1210 436 1249 12⁵
450 1191 546 1277 Quod
568 1200 665 1257 vocat
685 1191 717 1255 in
740 1188 866 1255 caelum
889 1211 981 1257 sacra
1004 1188 1045 1254 ad
1068 1187 1261 1252 commercia
1283 1184 1363 1252 caeli

446 1301 490 1369 Et
510 1303 628 1389 primas
651 1286 733 1390 quas*
753 1301 830 1367 dant
850 1299 940 1388 leges
963 1296 1167 1365 nascentibus
1188 1304 1282 1362 astra.

447 1411 527 1495 Quis
548 1421 646 1499 neget
669 1436 741 1477 esse
763 1411 853 1476 nefas
875 1410 1010 1474 invitum
1032 1406 1189 1497 prendere
1211 1405 1378 1486 mundum,

446 1518 489 1585 Et
510 1518 599 1586 velut
620 1522 652 1586 in
675 1531 779 1588 semet
800 1528 931 1609 captum
958 1518 1118 1585 deducere
1140 1518 1173 1583 in
1195 1513 1328 1582 orbem?

447 1629 514 1696 Sed
536 1653 577 1696 ne
600 1632 735 1698 circuitu
756 1630 854 1717 longo
877 1629 1046 1695 manifesta
1069 1627 1252 1716 probentur,

396 1756 435 1796 1³0
446 1736 518 1828 Ipsa
540 1737 619 1806 fides
643 1743 732 1831 operi
754 1740 849 1808 saciet
869 1739 1061 1829 pondusque
1083 1736 1254 1827 fidemque.

443 1848 529 1915 Nam
551 1871 657 1940 neque
681 1852 837 1940 decipitur
858 1848 950 1929 ratio,
972 1870 1032 1914 nec
1057 1825 1355 1937 decipflunquanu

444 1956 518 2024 Rite
540 1961 680 2027 secanda
701 1962 753 2026 via
776 1969 825 2026 est
847 1982 885 2027 ao
908 1959 992 2025 veris
1013 1959 1133 2025 credita
1155 1958 1270 2037 causis,

443 2067 655 2160 Eventusque
676 2069 777 2151 datur,
800 2068 902 2159 qualis
923 2068 1119 2158 praedicitur
1140 2077 1223 2134 ante.

443 2178 540 2263 Quod
561 2179 688 2244 fortuna
709 2188 814 2245 ratum
836 2179 941 2260 faciat,
964 2180 1034 2267 quis
1056 2178 1163 2245 dicere
1186 2176 1301 2244 falsum

394 2304 432 2344 1³⁵
444 2286 572 2354 Audeat
594 2297 625 2353 et
647 2297 754 2355 tantae
776 2290 926 2379 suffragia
948 2289 1079 2355 vincere
1100 2285 1217 2355 sortis?

444 2395 536 2462 Hace
560 2420 621 2486 ego
646 2398 752 2463 divino
776 2399 905 2487 cupiam
928 2421 1001 2463 cunr
1025 2396 1065 2464 ad
1087 2396 1192 2464 sidera
1213 2396 1291 2463 flatu

443 2505 541 2572 Ferre
562 2509 676 2573 necin
699 2508 845 2591 turbam,
872 2530 934 2575 nee
955 2507 1066 2573 turbae
1091 2507 1233 2573 carmina
1255 2507 1404 2589 condam,
1426 2560 1429 2564 .

444 2615 510 2683 Sed
534 2616 621 2683 solus
643 2640 746 2683 vacuo
769 2617 868 2685 veluti
888 2626 1035 2685 vectatus
1058 2624 1091 2683 in
1114 2622 1191 2684 orbe

334 2784 337 2790 ,
441 2725 538 2792 Liber
560 2748 655 2814 agam
677 2748 788 2793 currus
811 2751 875 2793 non
899 2727 1141 2794 occursantibus
1163 2726 1244 2810 ullis,

391 2855 431 2896 1⁴0
442 2836 515 2905 Nec
537 2857 596 2926 per
615 2836 676 2902 iter
697 2840 802 2905 socios
823 2859 995 2905 commune
1017 2837 1200 2928 gerentibus
1224 2848 1324 2922 actas,

441 2946 508 3014 Sed
531 2945 621 3012 caelo
644 2947 808 3014 noscenda
830 2970 944 3015 canam
966 2948 1152 3014 mirantibus
1176 2951 1279 3033 astris,

439 3056 483 3123 Et
503 3056 665 3146 gaudente
686 3058 736 3123 sui
757 3057 876 3123 mundo
898 3080 958 3148 per
979 3060 1120 3125 carmina
1143 3060 1235 3139 vatis,

440 3164 505 3232 Vel
527 3166 640 3255 quibus
661 3165 716 3232 iila
738 3189 846 3232 saeros
868 3188 935 3232 non
957 3167 1099 3234 invidere
1122 3178 1246 3235 meatus

439 3275 659 3367 Notitiamque
680 3276 739 3358 sui,
761 3276 891 3344 minima
913 3286 963 3343 est
985 3300 1067 3370 quae
1089 3278 1181 3345 turba
1203 3301 1262 3370 per
1282 3280 1409 3365 orbem3

375 3543 409 3599 A.
435 3558 462 3596 r.
478 3542 533 3596 123
554 3541 649 3618 ipsum
737 3560 761 3598 v.
777 3542 834 3600 124
850 3542 973 3599 ditasset
1056 3563 1080 3601 v.
1096 3548 1153 3602 133
1173 3544 1256 3603 datus
1334 3566 1359 3605 v.
1376 3552 1431 3609 139
1451 3548 1582 3610 Verbera

432 3626 491 3673 tarn
569 3635 594 3674 v.
609 3618 664 3675 140
684 3620 793 3703 pariter

374 3778 407 3838 S.
433 3795 459 3835 v.
475 3780 532 3835 130
551 3776 611 3856 Ipsi
630 3798 676 3835 res
793 3798 818 3837 r.
834 3784 890 3838 132
912 3781 1039 3839 secunda
1156 3802 1179 3841 v.
1195 3788 1250 3846 139
1272 3748 1401 3847 Verbere
1422 3806 1506 3867 agam

432 3873 458 3912 v.
475 3854 533 3911 140
552 3857 716 3931 regentibus

372 4014 410 4075 B.
431 4034 457 4107 v:
473 4020 526 4075 121
543 4024 649 4106 posset
667 4048 705 4057 -
724 4017 826 4074 tacitos
846 4048 884 4057 —-
903 4018 1034 4107 stimulos
1117 4040 1142 4079 v.
1158 4026 1213 4081 123
1234 4042 1303 4083 suae
1391 4044 1417 4084 r.
1432 4029 1488 4085 126
1509 4047 1579 4107 spu·

430 4113 503 4150 num
523 4104 571 4149 art.
658 4112 684 4150 v.
699 4097 755 4151 132
775 4095 842 4151 Arte
861 4125 900 4136 -
920 4094 1026 4153 tradita
1104 4116 1128 4155 v.
1143 4102 1199 4158 137
1219 4100 1249 4157 in
1268 4109 1373 4160 terram
1452 4123 1508 4163 res.
1523 4110 1580 4166 138

433 4170 473 4227 ad
492 4171 548 4228 140
568 4169 633 4227 incl.
655 4169 771 4227 inducit.

373 4328 410 4386 V.
430 4349 456 4387 r.
472 4335 528 4388 122
548 4332 638 4387 autori
658 4332 691 4389 C.
713 4331 747 4389 L.
826 4351 852 4390 v.
869 4338 925 4393 129
945 4334 1079 4395 uidentur
1098 4337 1134 4395 V.
1147 4340 1212 4395 1.2.
1236 4339 1270 4397 C.
1339 4359 1365 4399 r.
1380 4346 1436 4401 132
1455 4343 1579 4403 suendo

430 4426 538 4465 omnes.
560 4427 632 4464 corr.
653 4409 730 4466 Scal.
817 4430 843 4467 v.
858 4416 913 4468 136
934 4414 1030 4472 sidero
1049 4413 1112 4485 foto
1133 4415 1169 4470 V.
1182 4420 1248 4474 1.2.
1271 4417 1305 4473 C.
1396 4438 1422 4478 v.
1437 4424 1492 4480 137
1512 4440 1578 4478 our-

432 4481 497 4539 dinc
516 4484 656 4556 quondum
676 4486 712 4542 V.
727 4492 752 4544 1.
770 4487 805 4544 C.
827 4487 943 4546 tardant
962 4491 1104 4564 quondam
1125 4491 1161 4549 V.
1173 4497 1201 4549 2.
1228 4496 1360 4551 omino
1378 4493 1537 4574 (superscr.
1549 4495 1577 4571 o)

430 4558 572 4633 quondam
591 4561 625 4618 L.
705 4582 729 4619 v.
744 4566 800 4623 139
821 4563 908 4621 libera
929 4572 988 4623 tane
1000 4567 1036 4623 V.
1049 4571 1075 4624 1.
1086 4572 1115 4625 2.
1132 4568 1166 4624 C.
1181 4569 1216 4625 L.
1237 4570 1282 4643 (iu
1297 4570 1353 4627 boo
1374 4590 1407 4629 su
1430 4592 1517 4632 erscr.
1535 4574 1580 4632 ool

428 4634 558 4693 oarbroto
579 4655 680 4707 oraro,
701 4639 780 4714 quod
798 4639 886 4699 babet
907 4640 959 4709 G.)
980 4642 1385 4707 concertationum.
1424 4690 1432 4709 .
1453 4670 1526 4712 corr.
1541 4651 1577 4711 B.

428 4730 455 4771 v.
470 4712 526 4771 140
544 4716 656 4789 pariter
675 4716 711 4773 V.
724 4720 751 4773 1.
763 4720 791 4775 2.
872 4736 896 4774 v.
911 4718 967 4778 144
986 4737 1037 4795 por
1056 4718 1152 4779 arbom
1171 4722 1208 4781 V.
1221 4726 1289 4783 1.2.
