3700 5609
828 592 1026 701 launnx„
1211 637 1215 644 .
1461 591 1526 660 203

320 770 407 831 cerdo
425 780 455 830 et
474 779 580 838 vertex,
599 770 684 848 polus
705 768 937 845 septentrionalis
958 776 987 825 et
1006 769 1159 836 ansuinus,
1178 768 1201 836 Ι,
1218 767 1287 826 455.

320 870 419 923 curuo
438 875 468 925 et
486 863 549 921 aliis
569 864 640 919 locis
660 862 818 940 potentiam
836 860 997 937 significant
1017 861 1196 936 regnantium
1215 858 1342 916 siderum
1354 866 1383 915 et
1395 857 1524 927 1V,220:

359 961 477 1015 Martio
497 965 602 1025 castro,
622 956 759 1034 Scorpius
779 975 832 1014 sua
851 964 947 1011 castra
960 954 1031 1012 facit
1043 955 1156 1013 Martia.
1177 950 1288 1010 condito
1301 958 1407 1020 rutro,
1427 952 1526 1010 clausa

358 1069 413 1128 per
431 1050 561 1118 hiemem,
581 1049 629 1119 111,
649 1048 715 1106 641.

321 1161 392 1201 occu
410 1148 525 1220 proprio
545 1145 657 1219 signare
677 1151 808 1219 tempora
827 1143 948 1218 singula,
968 1141 989 1210 I,
1003 1144 1050 1209 53,
1071 1141 1128 1197 ie.
1150 1137 1299 1206 adnotare,
1319 1156 1377 1214 quo
1395 1146 1525 1217 tempore

358 1245 389 1294 et
409 1239 511 1312 quibus
532 1237 656 1294 siderum
676 1219 844 1292 stationibus
863 1234 979 1291 humani
1000 1235 1107 1309 quique
1127 1251 1210 1289 casus
1227 1230 1397 1290 acciderint.
1436 1232 1524 1290 Simi-

357 1329 424 1387 liter
442 1348 526 1387 cosor
545 1337 644 1397 certus,
663 1330 713 1396 Ν,
734 1330 780 1386 15.
809 1345 895 1384 cucur
913 1329 933 1384 i.
953 1345 981 1384 e.
1002 1326 1168 1393 descensus,
1188 1325 1224 1393 V,
1244 1325 1311 1383 441.

320 1420 375 1479 stit
400 1425 511 1479 conscia
535 1441 649 1493 oausam
678 1420 845 1495 Engonasin
874 1421 937 1497 ipse
964 1420 1013 1495 qui
1038 1420 1075 1475 sit
1100 1429 1281 1488 etecusam,
1315 1437 1367 1475 cur
1391 1420 1466 1476 inter
1484 1420 1524 1477 si-

359 1515 431 1573 dera
449 1525 581 1595 receptus
602 1516 648 1582 sit,
667 1515 753 1579 novit,
772 1531 831 1568 non
850 1511 932 1578 alius,
953 1512 974 1580 Ι,
987 1515 1059 1581 315;
1080 1513 1125 1567 via
1138 1509 1315 1588 (methodus)
1335 1513 1410 1570 veris
1428 1516 1525 1571 enuit

360 1602 477 1678 credita,
496 1609 534 1678 11,
555 1612 626 1678 1323
651 1624 740 1663 causo
760 1614 803 1662 est
822 1606 952 1682 proxima
977 1605 1109 1679 originis3
1134 1603 1202 1661 inde
1228 1612 1350 1680 quatuor
1374 1606 1524 1676 elementa,

360 1700 435 1758 unde
461 1710 525 1758 sunt
551 1700 658 1766 omnia,
684 1715 788 1755 causae
814 1706 965 1771 vocantur,
990 1697 1042 1766 111,
1061 1697 1108 1756 54.
1145 1697 1265 1754 occultis
1285 1701 1382 1755 curuis
1399 1700 1524 1768 condite,

358 1792 408 1861 lv,
429 1797 494 1853 196.
938 1846 943 1853 .
1310 1781 1312 1786 ’

321 1902 421 1943 remus
439 1896 483 1944 est
502 1887 546 1956 id,
567 1886 645 1962 quod
665 1885 768 1959 aliquis
788 1884 835 1941 vel
853 1902 910 1958 quo
930 1882 1022 1953 valet3
1048 1883 1090 1939 sic
1108 1882 1197 1953 cotto,
1218 1884 1321 1959 qudrus
1339 1884 1434 1957 valet,
1454 1903 1524 1943 cen·

359 1998 408 2036 sus
428 1980 520 2037 Tauri
540 1972 613 2046 sunt,
627 1978 662 2046 ΙΙ,
676 1976 743 2035 458.
783 1974 836 2032 sub
858 1977 916 2033 veri
937 1983 1015 2032 ortus
1035 1975 1161 2034 censibus
1182 1975 1284 2035 stellae
1303 1976 1452 2048 recedunt,
1464 1980 1483 2037 i.
1498 1999 1524 2038 e.

358 2090 453 2130 veram
473 2073 631 2151 potentiam
651 2078 728 2127 ortus
749 2069 793 2125 sui
812 2069 948 2146 planetae
969 2069 1157 2147 patefaciunt,
1176 2069 1223 2139 ΙΙΙ,
1244 2073 1311 2129 500.

322 2173 415 2222 ccsaot
433 2165 518 2234 terra,
538 2167 620 2243 pigra
640 2173 669 2220 et
688 2161 796 2219 inculta
815 2162 899 2230 iacet,
917 2163 939 2232 l,
960 2165 1007 2221 74.

321 2260 467 2327 oiroinore,
484 2259 506 2325 Ι,
527 2262 593 2316 638.

322 2350 496 2423 circumferet
515 2369 605 2409 uanos
625 2346 764 2418 litor-ibus,
785 2349 891 2405 circum
911 2348 995 2406 litora
1017 2369 1071 2428 per
1090 2357 1212 2409 aetatem
1233 2349 1391 2426 vagabitur,
1408 2350 1446 2420 V,
1460 2354 1526 2423 308,

354 2442 399 2501 ‘ci
421 2446 487 2503 583.

320 2539 521 2615 circumstrepit
539 2538 623 2605 orbis,
643 2537 665 2606 I,
682 2539 730 2593 23.

320 2628 455 2699 claustra,
475 2650 613 2701 carceres,
634 2632 670 2701 V,
689 2634 737 2688 76.
785 2702 788 2708 ¹

320 2714 435 2798 'clepere
451 2722 473 2792 1,
492 2728 540 2782 27.

322 2814 421 2884 cludit,
441 2816 462 2884 1,
481 2817 548 2885 274,
568 2819 694 2895 saepius.

322 2909 411 2983 coepto
430 2908 506 2966 orbis
523 2910 641 2977 Phoebi,
661 2909 709 2976 111,
728 2913 795 2967 221.
913 2964 916 2971 ,

323 3005 414 3077 oepit,
440 3005 461 3061 i.
482 3023 509 3061 e.
530 3012 641 3060 coartat
664 3005 793 3060 brumam
814 3000 926 3077 Caper,
945 3000 993 3067 ΙΙΙ,
1014 3003 1081 3059 638.
1121 3007 1254 3075 oopuutur
1271 3005 1387 3072 treveri,
1406 3001 1456 3072 IV,
1475 3005 1523 3064 84.

349 3098 434 3170 ¹sopit
453 3096 524 3154 deus
544 3098 644 3154 sentiri
664 3104 805 3153 astrorum
826 3095 888 3163 vim,
910 3111 1081 3169 quamquam
1100 3098 1202 3172 procul
1222 3098 1334 3164 absunt,
1355 3096 1390 3166 ΙΙ,
1410 3100 1458 3157 85.

325 3198 444 3263 oopnota
463 3190 545 3262 betto,
565 3190 667 3259 civilia,
686 3183 708 3257 Ι,
728 3192 795 3247 906.

321 3300 372 3357 per
391 3287 509 3357 cognito,
528 3286 548 3341 i.
570 3304 595 3342 e.
616 3303 670 3361 per
689 3282 888 3358 cognitionem,
908 3299 1009 3349 ceruus,
1027 3280 1076 3349 111,
1095 3285 1161 3342 588.

323 3378 378 3433 coit
402 3378 456 3434 sibi
480 3378 565 3435 tellus
593 3398 647 3455 per
674 3384 789 3444 nautas,
815 3378 864 3452 qui
891 3376 1046 3433 disiunctas
1072 3393 1182 3434 oceano
1211 3384 1303 3434 terras
1327 3377 1447 3454 iungunt
1472 3398 1525 3439 sua

360 3478 430 3537 arte,
451 3471 487 3538 V,
508 3474 554 3528 55.

323 3562 440 3637 cottcpia
462 3574 596 3621 vocantur
617 3566 711 3622 variae
732 3573 871 3621 astrorum
891 3565 1127 3638 commistiones,
1147 3563 1225 3622 velut
1244 3562 1302 3619 duo
1321 3574 1387 3621 sunt
1399 3568 1524 3638 Gemini,

362 3656 463 3713 mixtus
485 3658 595 3715 duabus
615 3661 722 3715 naturis
745 3659 948 3735 Capricornus,
968 3658 1003 3724 ΙΙ,
1024 3649 1089 3715 161.

323 3748 400 3807 color
413 3769 546 3818 summus,
566 3752 585 3808 i.
605 3772 631 3809 e.
652 3752 744 3808 forma
765 3760 793 3808 et
812 3761 915 3807 natura
936 3749 1104 3826 significata,
1126 3750 1177 3806 das
1192 3750 1383 3825 angedeutete
1398 3750 1522 3826 Colorit3

362 3843 466 3899 Cicero
486 3843 654 3919 plerumque
674 3843 813 3914 formum,
838 3844 883 3901 vel
901 3844 1022 3900 sormam
1043 3843 1186 3921 expletam
1205 3844 1344 3913 nominat,
1370 3845 1389 3902 i.
1411 3861 1438 3904 u.
1458 3847 1524 3905 eine

362 3935 471 4004 Skitze,
493 3936 556 3992 eine
577 3935 761 4011 nusgesiihrte
780 3935 892 4007 Skitze3
912 3928 962 4009 IV,
983 3937 1049 3993 122.

322 4036 488 4097 ooututmto,
507 4029 629 4101 inventa,
650 4030 671 4097 Ι,
685 4030 731 4096 84,
750 4037 780 4087 et
799 4046 897 4107 saepe.

321 4127 351 4181 in
370 4142 445 4180 nova
465 4125 631 4180 commercio
651 4120 793 4200 (linguae)
815 4142 881 4181 aves
901 4123 1017 4194 ducere,
1035 4123 1072 4192 V,
1092 4127 1157 4182 380.

323 4217 516 4293 complerem,
535 4215 555 4271 i.
576 4234 603 4272 e.
624 4234 656 4273 se
677 4217 804 4295 explere,
823 4217 873 4285 Ν,
893 4217 959 4275 540.

324 4328 494 4385 componere,
513 4329 612 4387 parem
631 4312 709 4387 pari,
730 4318 760 4367 ut
781 4311 964 4368 Gladiatores
985 4320 1201 4389 componuntur,
1221 4313 1271 4384 Ν,
1291 4314 1338 4374 53.
1360 4331 1522 4393 comportare

362 4406 469 4461 tutoris
487 4404 678 4479 supercilium,
698 4422 731 4462 se
751 4394 923 4482 conponere
945 4404 984 4462 ad
1003 4413 1058 4463 etc.
1079 4407 1115 4475 V,
1135 4407 1202 4466 455.

324 4512 454 4553 οοποοεεα
473 4504 514 4554 est
531 4500 618 4572 potiri
636 4499 772 4574 Erigone,
791 4499 841 4572 Ν,
862 4502 931 4570 337;
951 4515 1081 4557 mauroso
1101 4503 1131 4558 ia
1151 4518 1268 4577 corporo
1286 4501 1389 4578 furere,
1405 4504 1442 4576 V,
1453 4509 1520 4580 230,

363 4594 394 4643 ut
412 4607 548 4649 concessa
568 4592 702 4650 animalia
720 4600 881 4650 mactantur
899 4593 978 4672 apud
998 4594 1094 4652 Tacit.
1114 4596 1143 4651 in
1164 4595 1262 4655 Germ.

323 4678 437 4766 eosdm
455 4691 556 4755 castra,
575 4687 684 4755 clausa,
704 4687 751 4756 ΙΙΙ,
771 4687 837 4745 641.

321 4770 448 4847 m
464 4776 562 4837 ooclm
581 4789 611 4839 et
629 4797 723 4860 sores,
743 4782 762 4842 t.
783 4799 810 4842 e.
829 4788 929 4840 mutuo
948 4781 1097 4843 revidere
1115 4789 1145 4843 et
1163 4781 1263 4846 audire
1283 4783 1320 4866 u,
1338 4784 1406 4844 477.
