3700 5609
1442 643 1505 693 1111

296 796 357 867 Nr.
371 798 428 879 95,
458 819 524 863 non
545 795 599 864 illa
622 796 750 888 quidem
772 796 1026 877 accuratissima,
1053 793 1111 863 sed
1133 817 1215 883 quae
1236 803 1344 861 tamen
1364 790 1436 859 libri
1455 794 1505 858 in·

299 923 408 991 dolem
428 925 504 991 satis
528 926 658 1015 aperiat.
707 922 839 1015 Legitur
861 933 969 991 autem
992 946 1030 991 eo
1057 924 1089 1022 in
1110 921 1273 999 volumine
1295 945 1313 1002 a
1335 919 1431 988 loll.
1464 918 1505 988 ad

297 1051 354 1119 fol.
376 1074 482 1143 usque
503 1053 555 1120 25.
597 1052 632 1120 ln
660 1053 776 1120 eodem
804 1050 969 1119 volumine
996 1049 1077 1118 haec
1103 1058 1270 1140 praeterea
1290 1049 1503 1116 invenirmtur.

298 1202 318 1247 a
339 1201 413 1269 pag.
432 1181 475 1245 26
497 1179 537 1246 ad
559 1180 616 1246 35:
637 1180 819 1270 „Excerpta
842 1202 884 1245 ex
906 1178 1035 1248 Manilio
1058 1178 1172 1247 Jacobi
1194 1178 1281 1246 Susii
1300 1176 1343 1244 D.
1357 1174 1392 1241 F.
1409 1174 1447 1244 P.
1462 1175 1504 1245 N.

298 1330 396 1399 quern
417 1307 610 1399 Aquisgrani
630 1308 786 1375 utendum
807 1305 903 1374 habui
925 1329 944 1372 a
965 1305 1047 1375 Rev.
1071 1306 1112 1373 V.
1136 1306 1253 1375 Carolo
1267 1305 1396 1373 Proteo.
1428 1302 1505 1369 Edi-

295 1435 341 1502 tio
373 1445 441 1502 erat
470 1434 693 1503 Comeliniana
719 1458 793 1502 cum
820 1435 904 1500 notis
933 1434 1090 1525 Scaligeri
1121 1457 1158 1501 ac
1184 1432 1292 1500 lunii.'’
1333 1431 1504 1528 Exscripta

242 1609 246 1617 -
296 1572 372 1631 sunt
395 1586 413 1629 a
435 1562 476 1631 N.
498 1561 648 1645 Heinsio,
677 1565 730 1655 qui
751 1564 820 1653 ipse
843 1585 918 1630 suas
948 1562 1104 1654 quasdam
1124 1562 1260 1652 margini
1278 1569 1372 1627 notas
1393 1562 1505 1651 appin-

295 1693 355 1760 xit.
397 1691 511 1759 Susius
539 1692 636 1760 etiarn
662 1713 727 1758 nou
755 1690 861 1758 solum
883 1690 924 1759 V.
946 1688 984 1757 1..
1013 1692 1174 1781 excerpsit
1201 1713 1244 1756 cx
1272 1688 1431 1770 Gemhl,⁴
1447 1687 1505 1757 sed

297 1816 533 1909 explicationes
566 1842 693 1910 quoque
727 1827 759 1885 et
792 1819 994 1885 coniecturas
1032 1813 1115 1883 suas'
1145 1815 1283 1883 eruditas
1327 1815 1504 1883 admiscuit.

296 1945 488 2037 Speciminis
517 1970 594 2037 ergo
624 1942 706 2011 haec
734 1946 810 2012 sint:
837 1943 866 2026 l,
889 1944 962 2010 772.
993 1945 1046 2034 qui
1072 1944 1283 2011 fabricaverat
1311 1942 1414 2032 illum]
1441 1941 1504 2013 hoc

297 2082 362 2156 est,
390 2075 444 2165 qui
471 2075 536 2142 suis
564 2075 744 2163 praeceptis
772 2096 810 2139 ac
838 2072 1038 2140 sermonibus
1066 2071 1237 2140 Platonem
1263 2072 1444 2139 instituerat
1472 2081 1505 2139 et

296 2201 492 2269 formaverat
515 2210 790 2293 quantusquantus
814 2211 871 2268 est.
916 2202 1029 2292 Aeque
1051 2222 1128 2268 sane
1151 2200 1191 2267 ab
1212 2199 1381 2267 insolentia
1400 2209 1504 2267 trans-

266 2326 424 2438 'lationis
458 2328 582 2396 laborat
608 2329 754 2396 frenandi
788 2326 923 2395 verbum
952 2351 1003 2419 ap.
1031 2327 1140 2397 Valer.
1169 2328 1323 2395 Flaccum
1349 2327 1369 2395 l.
1389 2326 1443 2395 Vl.
1472 2338 1505 2395 et

294 2455 433 2547 ingentis
459 2457 602 2524 frenator
628 2457 776 2525 Sarmata
803 2456 898 2523 conti.
947 2455 990 2524 N.
1017 2454 1128 2523 Heins.
1160 2457 1200 2523 ad
1222 2478 1269 2523 vs.
1290 2453 1318 2538 l,
1338 2457 1401 2522 886
1422 2453 1503 2525 haec

295 2583 463 2653 adscribit:
491 2594 523 2652 et
541 2591 663 2669 sucuro
694 2584 836 2671 deerant]
865 2582 926 2675 leg.
956 2608 1097 2651 munera.
1138 2583 1212 2653 Nic.
1238 2582 1349 2651 Heins.
1376 2582 1398 2650 i.
1419 2584 1504 2652 iusta

295 2733 455 2803 suprema.
497 2712 581 2779 Ovid
603 2713 655 2780 lib.
676 2711 755 2781 Vlll.
776 2711 852 2779 Met.

291 2898 297 2906 .
381 2837 589 2907 Fol'deinde
609 2840 651 2907 36
675 2840 715 2906 ad
734 2840 779 2905 38
801 2848 962 2930 occupant
982 2850 1078 2908 notae
1100 2841 1137 2907 P.
1159 2840 1350 2925 Burmanni,
1377 2840 1503 2933 plerae·

296 2990 359 3059 que
382 2965 422 3032 ad
444 2966 646 3034 refutandum
667 2966 851 3034 Bentleium
871 2968 1044 3034 institutae.
1085 2966 1200 3035 Velut:
1221 2965 1250 3050 l,
1274 2970 1330 3051 ll,
1364 2969 1503 3059 Jamque

294 3095 392 3176 favet,
412 3093 566 3162 Francius
588 3096 619 3184 [i.
643 3120 670 3163 e.
691 3096 756 3162 iam
778 3093 852 3161 ante
872 3092 979 3161 Bentl.
1001 3095 1046 3162 ita
1067 3093 1103 3162 P.
1121 3093 1275 3163 Francius
1297 3096 1501 3185 coniecerat]

294 3222 346 3289 22.
370 3229 458 3289 certa
480 3248 559 3304 com
581 3225 625 3290 ita
647 3223 748 3291 Paris.
792 3222 844 3290 25.
866 3244 1065 3313 cognoscere
1096 3226 1218 3290 caelum
1238 3246 1373 3292 munere
1400 3228 1503 3292 caele

295 3360 388 3432 uum,
412 3372 508 3441 quarn
531 3350 660 3443 elegans
683 3349 770 3419 hoc?
812 3375 846 3420 v.
860 3350 912 3416 44.
935 3360 1024 3418 secat
1044 3360 1168 3440 gentes.
1195 3350 1380 3420 Romanum
1400 3354 1502 3444 impe·

294 3478 378 3544 rium
400 3487 433 3545 et
454 3472 647 3547 Parthicum.
691 3479 747 3547 Sic
774 3476 895 3546 Lucan.
916 3477 997 3545 Vlll.
1017 3478 1091 3545 290.
1121 3482 1173 3570 qui
1201 3503 1300 3570 saepe
1325 3505 1434 3549 secare
1461 3483 1501 3549 de

294 3605 410 3702 fluviis.
441 3618 605 3699 ponuntur
626 3617 739 3698 gentes
762 3630 820 3697 pro
843 3605 936 3673 tenis
958 3629 1067 3697 saepe.
1111 3629 1141 3673 v.
1165 3607 1258 3676 Ouid.
1282 3612 1311 3677 l.
1332 3608 1408 3680 Met.
1429 3611 1501 3680 279.

293 3734 350 3803 inl.
371 3734 445 3801 223.
1453 3769 1461 3777 ·

379 3862 408 3929 A
430 3860 499 3931 Fol.
514 3862 556 3929 39
569 3860 610 3929 ad
626 3862 666 3929 51
691 3865 836 3955 sequitur
856 3863 990 3954 epistola
1013 3864 1053 3931 de
1067 3862 1196 3932 Manilio
1212 3864 1370 3949 Dorvillii‚
1384 3867 1500 3936 inlesto

293 3989 327 4055 in
352 3987 458 4057 Bentl.
488 3990 594 4057 animo
623 3990 751 4079 scripta.
797 3989 969 4081 plerasque
999 4002 1107 4060 autem
1134 3992 1359 4082 castigationes
1387 4004 1501 4084 postca

292 4117 325 4185 in
355 4115 535 4184 Charitonis
564 4117 738 4184 editionem
765 4115 933 4185 transtulit
984 4118 1138 4187 Ceterum
1169 4118 1233 4187 hoc
1266 4121 1432 4212 exemplar
1458 4123 1499 4191 alr

292 4243 422 4311 homine
442 4245 590 4335 imperito
612 4246 816 4314 vitiosissime
836 4247 1079 4337 transscriptum
1101 4256 1160 4316 est.

377 4369 404 4437 F
406 4370 447 4440 ol.
469 4373 512 4439 59
534 4373 576 4440 ad
601 4375 659 4441 tou
681 4395 834 4465 magnam
855 4374 976 4442 molem
998 4376 1255 4445 coniecturarum
1273 4399 1292 4447 o
1310 4380 1362 4448 Jo.
1379 4380 1500 4452 Schra-

293 4499 361 4567 deri
380 4500 509 4590 ingenio
532 4504 710 4592 profectam
733 4503 889 4587 continet,
920 4527 1004 4595 quae
1029 4526 1089 4595 pro
1110 4503 1194 4574 illius
1215 4505 1316 4576 seculi
1335 4531 1427 4579 more
1446 4513 1500 4579 in·

292 4624 414 4694 linitam
434 4626 617 4713 lectionem,
636 4640 802 4699 versutam
821 4631 941 4721 ingenii
961 4632 1144 4725 agilitatem,
1164 4634 1373 4728 multiplicem
1390 4639 1498 4708 erudi-

281 4754 412 4846 tionem
438 4765 614 4845 testantur‚
641 4758 700 4831 sed
730 4779 822 4830 raros
848 4758 1272 4849 nobis'fructus-trderunt,
1296 4766 1410 4857 utqui
1427 4787 1497 4843 uon
