3700 5609
699 616 806 687 Lrsan
827 619 868 689 V.
890 644 921 687 v.
946 629 1136 687 679-698.
1163 706 1166 719 Ι
1455 619 1517 688 195

326 875 329 880 ἡ
376 790 543 879 Excipitur
564 800 655 857 vasta
677 788 917 858 circumvallata
938 812 1067 879 sagena,

324 885 583 992 mingenaisque
603 900 693 967 lacus
716 910 749 965 et
769 898 890 967 Bacchi
913 900 997 966 dolia
1018 901 1168 992 complet,

377 1010 593 1101 Humorisque
615 1011 717 1077 vomit
735 1013 839 1077 socias
860 1034 919 1101 per
940 1021 1051 1078 mutua
1074 1011 1176 1093 dates,

377 1121 419 1188 Et
440 1121 508 1187 fluit
529 1121 560 1185 in
582 1119 716 1211 liquidas
739 1120 828 1188 tabes
851 1120 992 1188 resoluta
1013 1120 1180 1189 medullas.

379 1232 464 1317 Quin
487 1232 582 1297 etiam
604 1252 736 1320 magnas
758 1239 910 1321 poterunt
932 1230 1096 1299 celebrare
1117 1231 1243 1313 salinas,

299 1345 307 1357 ‘
379 1342 421 1407 Et
442 1349 575 1432 pontum
599 1362 739 1430 coquere
761 1349 794 1406 et
814 1341 905 1430 panti
927 1363 1095 1408 secernere
1116 1342 1214 1423 virus,

326 1468 367 1509 6⁸⁵
381 1452 465 1518 Cum
488 1448 624 1517 solidum
647 1457 736 1516 cerlo
759 1449 944 1516 distendunt
964 1451 1107 1539 margine
1130 1473 1290 1541 campum,

379 1559 617 1649 Adpelluntque
638 1582 696 1625 suu
721 1559 895 1629 deductum
914 1583 957 1625 ex
978 1566 1118 1648 aequare
1139 1560 1282 1642 fluctum,

379 1668 633 1759 Claudendaque
655 1678 785 1759 regunt3
809 1678 877 1735 tum
900 1668 1053 1736 damnum
1075 1669 1207 1759 suscipit
1226 1669 1313 1737 unda

380 1778 481 1859 Aeris,
504 1787 535 1843 et
557 1781 660 1867 posito
683 1801 742 1868 per
763 1778 865 1845 solem
886 1777 1022 1845 humare
1043 1778 1176 1845 nitescit.

381 1888 573 1976 Congeritur
595 1890 717 1956 siceum
738 1887 882 1978 pelagus,
903 1887 1087 1978 mensisque
1108 1888 1257 1977 profundi

328 2017 369 2058 nat
383 1998 524 2063 Canities
546 2009 670 2066 semota
692 1999 804 2082 maris3
826 2018 1024 2086 spumasque
1047 1997 1178 2085 rigentis

378 2107 527 2199 Ingentes
550 2109 669 2175 iaciunt
691 2108 851 2191 tumulos3
873 2106 1044 2197 pelagique
1070 2129 1242 2192 venenum,

381 2220 454 2303 Quo
477 2220 560 2309 perit
582 2243 657 2286 usus
682 2242 784 2308 aquae
806 2239 883 2285 suco
907 2225 1077 2305 corruptus
1098 2238 1218 2299 amara,
1297 2250 1299 2256 ·

380 2327 479 2395 Vitali
500 2328 567 2394 sale
588 2336 781 2419 permutant,
802 2325 1003 2414 redduntque
1024 2323 1193 2394 salubrem.

380 2436 423 2502 Aa
444 2437 590 2504 revoluta
612 2437 688 2527 pola
711 2435 918 2526 cumprimis
940 2431 1079 2500 vultibus
1101 2435 1214 2503 Arctus

329 2564 369 2606 ms
382 2545 433 2611 Ad
455 2570 514 2612 sua
536 2557 707 2636 perpetuos
727 2554 860 2613 revocat
879 2544 1014 2633 vestigia
1036 2549 1160 2633 passus,
1213 2627 1216 2637 Ι

380 2655 555 2744 Nunquam
578 2658 675 2722 tincta
696 2656 798 2739 vadis,
821 2654 879 2723 sed
901 2641 1164 2743 semperflexilis
1186 2659 1275 2741 urbe,

382 2765 447 2830 Aut
469 2764 639 2852 Cynosura
658 2766 764 2832 minor
785 2788 859 2829 eum
880 2766 983 2852 prima
1004 2763 1077 2828 luce
1099 2768 1245 2853 resurgit,

382 2874 424 2938 Et
445 2873 564 2963 pan‘ter
584 2881 737 2939 vastusve
758 2870 837 2954 Leo,
861 2870 915 2938 vel
936 2872 1092 2961 Scorpius
1115 2891 1190 2937 acer

319 3162 353 3217 A.
380 3161 478 3216 v.682
498 3155 633 3213 volet-
655 3154 721 3213 dote
837 3172 864 3210 v.
878 3153 935 3213 684
955 3154 1029 3211 vires
1139 3171 1165 3210 v.
1181 3157 1237 3213 686
1257 3155 1301 3213 Ad
1321 3158 1486 3237 bellumque

376 3254 403 3292 v.
418 3236 475 3293 687
495 3234 541 3290 Cl.
560 3241 668 3307 negant
685 3264 724 3275 -
743 3231 856 3289 demum
876 3262 914 3272 -
934 3230 1027 3287 undas
1119 3249 1146 3287 r.
1161 3234 1217 3289 688
1237 3232 1321 3302 Area,
1340 3244 1523 3315 tumlpontus

378 3332 403 3367 r.
418 3316 475 3369 689
494 3311 638 3385 mersique
753 3328 780 3365 v.
794 3313 852 3366 690
877 3316 906 3365 et
929 3315 999 3386 nota
1016 3327 1054 3364 m.
1181 3325 1206 3365 v.
1220 3311 1277 3369 692
1294 3311 1442 3390 Quodque
1462 3320 1525 3372 erat

378 3408 404 3444 v.
418 3392 475 3446 697
494 3387 536 3442 Ae
611 3390 786 3445 66981616
805 3386 854 3442 Se.

321 3518 353 3576 S.
377 3534 404 3573 v.
419 3518 473 3573 681
495 3514 695 3589 Hmnaresque
715 3521 809 3569 ramet
829 3513 908 3569 sacia
926 3544 965 3554 —
986 3509 1053 3568 dore
1169 3530 1194 3570 v.
1209 3516 1266 3573 687
1286 3522 1451 3591 negant-
1472 3515 1524 3574 de·

379 3611 455 3648 mum
475 3622 513 3632 -
533 3589 625 3645 undas
722 3609 748 3645 v.
762 3594 820 3647 688
839 3591 924 3658 Area,
945 3598 1004 3643 tum
1024 3595 1129 3664 pontus
1227 3610 1252 3649 v.
1267 3593 1323 3651 689
1343 3593 1487 3668 meruique

380 3689 404 3725 v.
420 3673 476 3726 690
496 3675 589 3723 emata
665 3685 691 3723 v.
706 3670 762 3725 692
783 3675 813 3721 ut
832 3666 865 3722 A.
943 3683 969 3721 r.
984 3668 1041 3723 697
1059 3665 1102 3722 Ae

321 3796 357 3852 B.
380 3814 404 3851 v.
419 3798 476 3852 682
495 3793 632 3868 liquidam
652 3791 931 3850 tabem—medulla
991 3808 1015 3845 v.
1029 3793 1086 3847 687
1105 3793 1525 3867 negant-tlemam—auras

380 3891 406 3926 r.
420 3874 478 3926 688
496 3873 580 3936 Area,
600 3878 659 3923 turn
736 3887 762 3924 v.
776 3872 834 3925 690
853 3873 970 3945 seposta
1046 3883 1072 3921 v.
1086 3868 1141 3925 691
1159 3870 1286 3925 cumulos
1363 3887 1389 3926 v.
1399 3872 1457 3929 693
1477 3886 1525 3926 sa·

379 3947 461 4001 lubre
538 3963 563 3999 v.
578 3943 635 4000 694
654 3944 752 4021 pronis
1021 3984 1031 3988 -

323 4077 360 4132 V.
381 4092 408 4129 v.
421 4076 477 4130 679
497 4074 605 4145 eapittu
624 4072 660 4127 V.
678 4076 705 4129 1.
730 4071 830 4144 supina
848 4068 886 4125 V.
900 4072 929 4125 2.
950 4068 985 4125 L.
1006 4067 1109 4142 (seda
1129 4089 1201 4127 ears.
1221 4074 1353 4146 sagena.)
1431 4091 1456 4130 v.
1469 4076 1527 4132 680
1634 4147 1641 4156 „

379 4151 506 4224 1696666
525 4147 563 4204 V.
576 4152 643 4205 1.2.
759 4166 786 4203 a.
801 4149 855 4203 681
876 4145 955 4202 ualet
973 4148 1052 4202 sauia
1070 4145 1139 4203 aare
1158 4165 1266 4204 amnes.
1288 4167 1361 4205 carr.
1383 4147 1461 4206 Seal.

380 4246 406 4283 v.
421 4227 478 4284 684
496 4227 570 4282 airas
588 4242 695 4281 omnes.
718 4242 790 4279 carr.
812 4221 890 4278 Scal.
916 4257 921 4265 ·
1007 4240 1033 4277 v.
1049 4225 1104 4279 686
1125 4221 1174 4278 ml
1193 4222 1342 4299 bellumque
1359 4243 1468 4281 ornnes.
1488 4255 1527 4267 -·

381 4322 454 4359 eurr.
475 4301 555 4358 Scal.
633 4318 659 4356 v.
674 4304 730 4358 687
750 4304 852 4373 nepam
871 4315 980 4355 omues.
1002 4315 1056 4373 ego
1077 4299 1196 4355 correxi.
1255 4318 1281 4356 v.
1295 4303 1353 4358 687
1372 4298 1528 4357 aemam-

379 4377 471 4435 66666
491 4395 599 4433 amnes.
620 4377 682 4451 Ego
702 4376 822 4431 correxi.
893 4375 895 4379 ’
939 4376 1036 4432 6688
1055 4374 1162 4449 Aqua
1180 4375 1216 4431 V.
1233 4379 1261 4432 2.
1281 4376 1316 4432 L.
1338 4376 1405 4448 (secl
1424 4377 1453 4433 in
1471 4376 1528 4434 hoc

383 4471 505 4531 suprap
525 4454 641 4531 appieta
662 4452 699 4524 l.)
728 4452 794 4526 Apu
816 4450 850 4506 C.
880 4451 974 4525 Apriu
994 4451 1130 4527 (appicta
1151 4469 1179 4517 6,
1205 4459 1235 4506 ut
1254 4452 1290 4507 sit
1312 4452 1433 4529 aprina.)
1463 4453 1527 4528 Ego

383 4530 503 4585 correxi.
522 4560 561 4572 --
579 4535 663 4603 prante
682 4545 790 4584 omnes.
812 4545 884 4583 eurr.
904 4527 941 4582 B.
1057 4545 1083 4583 a.
1098 4529 1154 4583 689
1173 4529 1330 4604 aternisque
1347 4545 1454 4585 ornnes.

383 4623 410 4661 v.
424 4611 481 4663 690
499 4605 547 4661 aad
565 4612 636 4663 natu
656 4623 764 4661 omnes.
781 4603 844 4677 Ego
865 4602 986 4659 correxi.
1068 4620 1094 4659 v.
1107 4604 1164 4660 692
1183 4602 1265 4672 Quod
1283 4606 1375 4680 querit
1394 4603 1431 4660 V.
1442 4608 1470 4661 1.
1492 4602 1527 4656 C.

382 4683 417 4739 L.
439 4680 507 4753 (sed
525 4700 544 4738 6
563 4681 651 4757 corr.)
671 4681 776 4749 suerat,
797 4677 881 4750 Quod
898 4681 964 4749 erit,
983 4678 1024 4736 ita
1042 4678 1119 4736 V.·2.
1140 4697 1213 4736 corr.
1233 4678 1269 4736 B.
1351 4698 1378 4737 v.
1393 4681 1450 4738 697
1467 4677 1529 4735 aas

384 4775 491 4816 omues.

1220 4850 1287 4919 13*
