3700 5609
325 481 488 597 202'¹
885 528 1083 599 lnoux.

385 720 437 762 ure
455 711 519 762 erut
547 723 612 763 esse
641 711 768 783 patrem,
796 706 815 762 i.
841 722 867 761 e.
895 705 942 761 vix
969 701 1106 760 solvenda
1131 702 1225 760 animo
1251 709 1372 779 paterno
1405 704 1537 778 quaestio
1563 710 1591 759 et

382 828 385 834 ·
422 797 535 865 electio,
553 799 591 868 V,
610 803 676 860 309.

383 896 462 949 atter
480 893 609 958 rationis,
629 892 679 959 IV,
697 891 745 951 74.

384 990 464 1041 onus
484 1004 537 1061 pro
556 985 699 1053 membris,
719 988 870 1062 po'e'tarum
886 1001 976 1050 inore,
990 1001 1088 1061 saepe.
1110 982 1201 1039 omnis
1215 1000 1317 1039 census
1330 998 1380 1057 par
1392 988 1487 1050 artus,
1500 982 1590 1037 omnis

422 1078 464 1133 vis
483 1078 652 1155 incorpore
671 1080 776 1156 posita,
795 1078 847 1144 IV,
867 1081 933 1134 899.
1626 1066 1628 1069 ’

386 1188 458 1228 eruo
476 1171 549 1240 iera,
568 1171 694 1227 nondum
716 1180 810 1227 aratro
831 1173 960 1241 subacta,
979 1170 1001 1237 Ι,
1021 1174 1073 1239 86;
1094 1187 1167 1227 orca
1186 1168 1307 1224 dumosa
1326 1168 1361 1234 ΙΙ,
1381 1171 1447 1225 229.

382 1263 547 1335 Asqndetort
573 1272 640 1341 post
666 1263 876 1342 polysyndeton
904 1262 1096 1337 (Lucretiano
1118 1259 1268 1339 exemplo)
1290 1262 1313 1329 l,
1334 1260 1385 1328 34,
1411 1281 1446 1318 ac
1465 1262 1589 1339 saepius,

422 1357 499 1414 velut
518 1358 553 1425 ΙΙ,
574 1361 601 1413 6.
641 1355 792 1435 polysynd.
813 1365 881 1433 post
900 1355 1001 1431 asynd.
1022 1356 1045 1423 l,
1065 1361 1101 1419 99
1113 1374 1177 1430 sqq.

382 1457 507 1519 assueto,
527 1448 660 1507 familiari
684 1457 804 1527 propter
823 1450 940 1524 antiqua
959 1449 1034 1504 lovis
1053 1448 1219 1514 ministeria,
1240 1446 1328 1515 caclo,
1347 1447 1370 1518 Ι,
1391 1448 1457 1505 344.

384 1547 494 1599 ostrum
514 1551 558 1599 est
578 1552 685 1598 astrum
705 1543 733 1599 in
754 1541 875 1599 cubnine
895 1560 1033 1617 regnans3
1054 1542 1140 1615 igitur
1159 1548 1237 1597 ostro
1257 1539 1337 1613 frangi
1357 1558 1392 1596 ea
1412 1541 1497 1597 stella
1517 1540 1588 1597 dici·

421 1644 474 1702 tur,
496 1653 570 1710 quae
591 1634 706 1711 quando
728 1635 790 1710 quis
809 1636 938 1691 nascitur
956 1636 986 1690 in
1006 1634 1129 1690 culmine
1151 1642 1204 1699 est,
1225 1634 1260 1700 ΙΙ,
1281 1637 1350 1692 882.

380 1727 478 1805 Atque
505 1728 614 1785 inducit
639 1727 801 1807 exemplum
824 1728 975 1785 meridiani
999 1728 1028 1796 Ι,
1049 1725 1115 1784 644.
1161 1726 1310 1783 Sententia
1335 1726 1471 1782 orationis
1492 1733 1589 1783 curtae

386 1859 389 1864 -
419 1820 493 1879 haec
512 1832 570 1880 est:
590 1822 650 1879 Ubi
669 1823 751 1879 nobis
770 1821 814 1877 sol
834 1823 932 1888 oritur,
952 1820 1018 1888 illis,
1039 1822 1058 1878 i.
1070 1837 1096 1877 e.
1116 1819 1184 1886 illic,
1207 1821 1254 1876 ubi
1275 1822 1371 1886 oritur,
1386 1819 1590 1887 habitantibus,

421 1933 458 1972 ea
475 1914 561 1982 liora,
583 1933 656 1991 quae
676 1914 758 1970 nobis
778 1915 872 1991 prima
891 1921 949 1980 est,
980 1923 1061 1971 sexta
1081 1921 1141 1983 est3
1167 1930 1233 1968 nam
1254 1931 1304 1969 eos
1326 1922 1386 1968 turn
1405 1912 1518 1970 medius
1541 1934 1588 1970 ur-

420 2015 484 2082 get;
504 2027 600 2065 rursus
619 2007 760 2085 hesperiis
779 2005 956 2074 hominibus,
982 2007 1033 2064 ubi
1051 2007 1134 2062 nobis
1156 2007 1320 2062 inumbras
1346 2004 1390 2061 sol
1410 2007 1501 2076 cedit,
1527 2009 1590 2086 ipse

420 2100 468 2157 bic
487 2101 531 2157 sol
549 2100 650 2156 borum
670 2097 760 2156 elficit
779 2107 896 2156 sentam.

293 2183 296 2188 ¹
384 2195 520 2267 attingere
539 2192 647 2268 aliquid
667 2201 760 2262 centri,
780 2194 799 2248 i.
821 2211 847 2249 e.
869 2210 952 2249 aures
974 2192 1099 2249 alicuius
1120 2199 1206 2248 cantu
1224 2209 1348 2264 movere,
1368 2191 1390 2258 Ι,
1411 2194 1477 2248 326.

383 2284 487 2343 cudere
505 2304 626 2360 prosata,
647 2286 683 2354 V,
703 2290 770 2344 653.

383 2376 498 2449 cerferro
516 2377 637 2452 fastigio
656 2379 734 2447 coeli,
754 2382 773 2435 i.
794 2398 819 2436 e.
841 2387 979 2455 tanquam
998 2378 1072 2435 caeli
1090 2379 1237 2435 victoriam
1257 2378 1420 2455 deportare,
1439 2378 1489 2446 ΙΙΙ,
1502 2382 1569 2437 217.

386 2474 501 2529 curauit
521 2481 640 2549 pontum
658 2474 749 2538 Aries,
769 2479 870 2527 aurato
889 2471 995 2529 vellere
1015 2480 1126 2541 natans,
1146 2472 1196 2541 lV,
1217 2476 1284 2531 515.

382 2565 415 2619 ia
434 2581 523 2620 ouras
541 2571 638 2620 meant
657 2563 762 2630 sidera,
782 2564 831 2630 ΙΙΙ,
845 2568 916 2634 236;
942 2565 997 2620 nisi
1016 2564 1114 2639 legas:
1141 2568 1174 2622 io
1194 2565 1278 2623 butus
1296 2566 1361 2642 pari
1380 2564 1445 2640 lege
1464 2582 1590 2637 monere3

424 2653 503 2727 (nam
524 2656 564 2712 ita
583 2654 682 2726 codd.;
702 2673 796 2713 meare
816 2666 860 2713 est
879 2675 898 2713 a
917 2654 1092 2732 scaligero.)

385 2765 457 2806 cuso
477 2748 558 2818 bonu,
578 2749 616 2818 V,
634 2749 702 2809 498.

379 2857 502 2900 «ocreae
525 2843 655 2911 Taurus,
684 2844 829 2911 clunibus,
854 2844 884 2901 iu
909 2844 1021 2906 caelum
1049 2844 1142 2918 venit,
1171 2844 1238 2901 hinc
1260 2844 1387 2902 feminea
1407 2845 1469 2903 eius
1488 2853 1591 2904 natura

355 3009 360 3018 .
421 2944 562 3006 censetur,
582 2936 618 3005 ll,
639 2939 694 2994 153
715 2944 743 2993 et
763 2939 889 3017 saepius.

368 3153 488 3231 -Boltts
505 3173 612 3246 futuris
630 3175 737 3234 insecta
755 3184 882 3233 monstra
902 3174 1000 3233 Africa
1019 3175 1124 3253 gignit3
1151 3175 1280 3232 immanis
1300 3175 1376 3231 illius
1403 3177 1502 3252 anguis
1528 3197 1590 3235 rne-

379 3335 381 3342 ,
422 3296 485 3336 mor
500 3294 565 3336 esse
587 3278 711 3345 videtur,
732 3297 817 3354 quein
836 3278 989 3356 catapultis
1010 3285 1038 3333 et
1059 3277 1185 3334 exercitu
1204 3277 1326 3334 Romani
1346 3278 1475 3355 fregere3
1495 3299 1591 3357 neque

423 3371 498 3430 euim
517 3370 590 3430 haec
610 3372 766 3449 descriptio
786 3372 815 3428 in
836 3371 1004 3449 elephantes
1026 3369 1111 3443 cadit,
1131 3369 1181 3436 IV,
1202 3374 1268 3427 663.

383 3462 496 3535 biferas
511 3464 681 3533 Centaurus,
702 3484 718 3521 e
737 3466 811 3521 binis
831 3464 901 3522 feris
922 3463 1107 3541 compositus,
1128 3463 1177 3531 lV,
1197 3469 1269 3535 2303
1296 3462 1334 3521 cs.
1357 3471 1444 3521 cottam
1463 3463 1590 3537 bifenum,

422 3556 459 3624 V,
480 3558 525 3614 15.

383 3646 451 3707 bino
476 3659 553 3707 astra
578 3660 644 3708 sunt
670 3653 765 3710 omnia
791 3653 888 3728 aliquo
915 3650 1003 3709 modo
1030 3650 1076 3707 vel
1094 3668 1213 3707 nurnero
1236 3649 1280 3707 vel
1300 3658 1400 3708 natura
1423 3652 1589 3730 composita,

381 3732 383 3735 Α
422 3751 471 3799 aut
490 3745 604 3818 gemina
623 3754 672 3802 aut
692 3745 820 3824 duplicia
838 3746 874 3815 ll,
896 3748 963 3806 159.

381 3834 523 3894 blanditus
544 3838 642 3906 cliens,
663 3839 768 3896 blando
789 3842 927 3915 obsequio
949 3845 1106 3915 grassatus,
1125 3837 1174 3906 ΙΙΙ,
1196 3837 1260 3895 149.

378 3927 483 4001 ,boreas
503 3930 683 4008 aquilonibus
703 3934 799 4001 instat,
818 3933 856 4006 V,
875 3937 922 3991 70.

386 4129 525 4216 Caedunt
544 4174 672 4233 aequora
691 4164 801 4232 gentes,
821 4158 871 4227 tv,
892 4161 959 4216 602.

384 4252 525 4311 moutam
544 4252 640 4309 lumen
660 4250 788 4307 nominat
807 4250 975 4320 Zodiacum,
995 4251 1025 4307 in
1046 4267 1103 4325 quo
1122 4246 1231 4323 figurae
1252 4250 1379 4307 siderum
1398 4249 1476 4306 velut
1495 4251 1593 4308 caela·

380 4383 385 4391 -
421 4352 469 4403 tae
489 4346 600 4419 ignibus
617 4350 738 4410 exstant,
748 4343 771 4412 l,
782 4346 853 4413 680;
874 4341 911 4399 cf.
929 4343 1070 4401 caelatum
1082 4342 1213 4418 galantiae
1224 4342 1367 4417 fulgorem
1375 4343 1469 4413 1,757,
1481 4344 1519 4415 V,
1526 4347 1594 4404 235.

384 4438 528 4497 caeluni.
550 4457 576 4494 e.
598 4435 669 4504 dies,
688 4437 711 4511 Ι,
730 4440 796 4505 799,
817 4434 855 4492 cf.
873 4438 946 4506 8293
965 4438 1095 4513 potentia
1114 4436 1241 4495 siderum
1261 4436 1298 4505 ll,
1311 4434 1377 4494 452.

385 4528 512 4600 madere,
532 4530 569 4598 V,
589 4533 655 4588 217.

385 4631 486 4685 conus
505 4625 537 4680 ia
556 4626 684 4680 carmina
704 4623 821 4693 ducere,
841 4621 890 4690 Ill,
910 4623 939 4680 4.

386 4723 470 4794 copto
488 4716 627 4790 anquina
644 4733 705 4785 reto,
725 4733 824 4774 sunus
843 4722 938 4787 natos,
957 4715 1009 4787 IV,
1027 4719 1076 4774 66.
