3700 5609
702 590 806 657 Lrsaa
828 588 883 657 IV.
905 596 1139 655 -·v..tt-.-35..

379 764 561 831 Nascentes
584 762 753 841 morimur,
768 758 909 849 finisque
932 758 973 825 ab
995 757 1118 848 origine
1137 754 1265 845 pendet.
1283 755 1287 761 ’
1321 807 1326 816 .

378 871 463 939 Hine
485 880 518 939 et
539 891 618 961 opes
640 879 674 936 et
693 890 794 959 regno
814 868 928 949 fluunt,
948 876 982 934 et
1001 865 1130 955 saepius
1150 864 1237 950 orta]

379 982 569 1071 Paupertas,
590 988 739 1070 artesque
759 976 865 1060 datae·
883 997 1063 1067 moresque·
1078 974 1203 1055 creatis,
1289 991 1292 1028 ῑ

379 1090 422 1157 Et
442 1090 528 1172 vitia,
550 1099 583 1157 et
604 1088 723 1169 clades,
744 1086 861 1153 damna
883 1094 916 1154 et
938 1083 1128 1175 oompeadia
1149 1105 1266 1150 rerum.

344 1217 374 1256 2⁰
385 1198 493 1267 Nemo
516 1208 605 1266 earet
625 1198 752 1279 damno,
770 1196 891 1287 poterit
910 1217 972 1264 nee
992 1193 1113 1261 habere
1134 1200 1298 1282 negatum,

382 1308 408 1374 F
410 1318 601 1376 ortunamve
623 1307 689 1373 suis
709 1302 844 1373 invitam
864 1304 1029 1395 prendere.
1041 1302 1136 1385 volis,
1426 1391 1430 1396 ι

380 1416 447 1483 Aut
468 1419 579 1508 fugere
599 1418 796 1483 instantem..¹
824 1437 897 1481 sors
918 1422 969 1481 est
989 1434 1049 1480 sua
1071 1411 1186 1501 cuique
1206 1410 1359 1502 ferenda:

380 1529 457 1605 Aut,
478 1528 539 1593 nisi
560 1522 764 1594 [nodarent-
779 1524 869 1613 leges
881 1524 1042 1613 ¹vitaeque
1062 1524 1227 1611 necisque
1306 1552 1309 1556 ·
1338 1575 1342 1582 .

381 1634 552 1725 Fugissent
572 1636 664 1726 ignes
686 1631 852 1701 Aeneam?
875 1687 877 1692 .
896 1632 994 1699 Troia
1012 1630 1074 1697 sub
1095 1652 1162 1697 uuo
1226 1681 1229 1686 .
1259 1663 1262 1668 ·
1379 1663 1382 1670 ·

341 1744 458 1813 2⁵Nou
481 1763 595 1812 eversa
615 1746 687 1812 viro
706 1745 778 1810 faris
799 1743 933 1810 vicisset
950 1739 1105 1831 in-ipsis?
1165 1744 1191 1802 :J
1302 1745 1305 1750 '

382 1854 447 1920 Aut
467 1854 544 1945 lupa
565 1848 1194 1945 proiectos-nouissealuau·fratres?
1231 1853 1258 1912 ξε·
1293 1883 1297 1908 2
1365 1857 1381 1916 .’-
1409 1897 1413 1918 .

382 1948 488 2031 Roma
510 1965 593 2032 casis
617 1973 711 2030 enata
731 1959 836 2029 foret?
879 1960 1112 2050 Peoodumque
1131 1961 1276 2050 magistri
1411 1967 1441 2016 ’-

383 2072 418 2140 lu
440 2073 639 2164 Capitolinos
654 2071 829 2140 duxissent
848 2070 981 2138 fulmina
992 2068 1142 2138 amanus?
1161 2101 1186 2130 :.
1290 2107 1294 2114 ·
1327 2103 1330 2110 ·
1367 2107 1372 2116 ·
1435 2079 1454 2094 '·

385 2180 547 2249 lnoludive
570 2205 634 2249 sua·
649 2183 807 2272 potuisset
826 2179 969 2271 luppiter
989 2180 1095 2249 aree?-
1161 2217 1164 2222 ·
1387 2237 1390 2244 .

342 2293 511 2382 recaptus
534 2301 567 2359 et
588 2316 608 2357 a
629 2292 730 2381 captis
754 2290 839 2356 orbis
860 2289 965 2356 foret?
1001 2288 1091 2380 ‘Igne'
1106 2290 1253 2380 seprdto
1323 2327 1326 2332 -
1377 2331 1390 2348 .-

382 2401 578 2469 Vulneribus
599 2400 703 2466 vietor
721 2399 893 2489 repetisset
912 2398 1038 2482 Munius
1060 2400 1201 2468 urbem&
1299 2429 1310 2440 ··
1346 2429 1355 2454 ι·

385 2512 482 2579 Solus
505 2520 538 2577 et
558 2509 712 2600 oppositis
729 2508 898 2575 clausisset
918 2508 1070 2576 Horatius
1092 2513 1189 2577 armis
1311 2549 1316 2560 ·

381 2623 521 2689 Pontem
541 2620 719 2710 urbemque
739 2618 866 2686 simul?-
900 2618 1054 2708 Rupisset
1074 2620 1206 2688 loedere
1226 2622 1353 2713 virgoll
1449 2667 1453 2672 -

385 2731 531 2820 Tresque
554 2729 613 2796 sub
633 2730 728 2795 unius
749 2730 864 2795 stanes
881 2730 1002 2796 uirurte
1021 2729 1187 2797 iacerent?
1293 2775 1308 2788 .-
1372 2733 1376 2740 '
1450 2761 1453 2766 ·

343 2859 372 2900 ³⁵
384 2839 482 2909 Nulla
504 2840 589 2907 acies
610 2849 735 2906 tantum
755 2839 841 2905 vicit.
882 2837 1050 2905 Pendebat
1071 2838 1112 2904 ab
1134 2861 1200 2905 uno

316 3075 352 3131 A.
378 3091 405 3129 r.
419 3075 457 3131 17
475 3071 562 3129 Tunc
599 3105 602 3110 -
675 3089 702 3129 r.
717 3075 754 3130 18
774 3072 864 3130 creati
881 3103 920 3113 -
939 3070 1069 3149 pendere
1184 3089 1210 3129 r.
1224 3069 1263 3130 22
1282 3073 1368 3152 culpa
1386 3074 1441 3138 fer.

378 3168 405 3206 r.
419 3154 457 3207 23
476 3152 513 3205 At
597 3169 624 3206 r.
638 3148 677 3207 24
696 3148 845 3225 Troiaque
940 3166 968 3205 v.
981 3151 1021 3207 27
1038 3148 1190 3225 Romaque
1210 3151 1252 3207 sie
1328 3169 1353 3208 r.
1367 3153 1522 3211 280auxis-

376 3234 460 3359 iililt
536 3245 563 3283 r.
577 3230 615 3285 30
635 3226 671 3284 C.
690 3226 737 3284 rel
756 3234 843 3305 caput
861 3224 910 3282 hie
1009 3244 1036 3283 r.
1051 3230 1089 3286 32
1114 3228 1258 3303 appositis
1360 3246 1384 3285 r.
1397 3232 1435 3306 305
1456 3238 1523 3292 tune

318 3449 353 3507 S.
378 3466 406 3506 v.
420 3451 457 3506 17
477 3440 562 3504 'suae
649 3452 727 3506 ars
747 3447 836 3505 ereata
923 3467 949 3505 v.
963 3451 1001 3505 23
1021 3451 1058 3505 at
1144 3466 1170 3507 v.
1184 3452 1223 3508 27
1242 3457 1272 3508 a
1290 3457 1359 3508 nata
1405 3431 1523 3511 ‘aas

376 3526 524 3582 auxissent
831 3563 833 3570 .
1108 3571 1148 3576 ..
1234 3577 1237 3582 ,

318 3672 356 3729 Β.
379 3690 404 3729 v.
417 3676 456 3729 20
473 3671 512 3729 Ν.
534 3690 631 3730 carere
651 3670 719 3729 dato
797 3691 825 3728 r.
838 3675 876 3731 23
896 3672 949 3741 Aa,

319 3818 358 3877 V.
379 3836 405 3875 r.
419 3822 457 3877 17
478 3822 558 3877 aaran
577 3837 685 3877 munes.
707 3818 751 3892 (in
769 3818 805 3875 L.
825 3819 878 3876 sub
897 3835 1008 3887 rasura,
1027 3814 1073 3891 Π)
1095 3836 1168 3876 corr.
1187 3818 1224 3876 B.
1339 3837 1367 3877 r.
1381 3822 1419 3878 18
1435 3821 1525 3878 meoli

380 3896 485 3967 ceteri3
514 3897 618 3953 meotis
635 3896 674 3952 V.·
689 3898 719 3952 2.
835 3900 916 3953 r.19
942 3890 1092 3952 antidiesis
1115 3894 1246 3972 flagitare
1265 3895 1392 3965 ridetur,
1416 3904 1524 3953 utnon

379 3970 475 4029 olod'ss
493 3971 547 4030 sed
566 3970 643 4029 dotes
661 3970 707 4029 rel
727 3970 826 4029 londes
845 3972 926 4029 uitiis
945 3979 1136 4049 opponantur.
1171 3972 1276 4050 Neque
1287 3973 1387 4030 minus
1406 3972 1525 4049 languet

380 4047 497 4125 saepius
518 4054 582 4105 orto
600 4056 767 4126 paupertas.
806 4048 954 4125 Suspicor,
974 4048 1146 4105 coniunctim
1164 4062 1230 4107 esse
1243 4048 1439 4107 scribendum:
1459 4067 1522 4107 soo·

381 4127 447 4200 pins
471 4132 537 4182 orto
562 4128 722 4201 Paupertas
746 4131 882 4201 ortsaqna¹
901 4123 997 4182 datos.
1039 4123 1109 4182 Sed·
1125 4125 1181 4182 hoe
1205 4135 1250 4183 est
1272 4126 1421 4182 hariolari.—
1453 4159 1457 4164 -

380 4216 408 4256 r.
421 4204 459 4258 20
484 4220 538 4259 nee
565 4210 645 4259 caret
669 4200 774 4257 damno
797 4221 852 4260 nee
875 4208 973 4277 potest
995 4217 1100 4277 parare
1124 4209 1259 4277 negatum
1278 4202 1371 4276 inritis
1390 4200 1484 4259 astris

383 4292 410 4333 r.
423 4282 461 4335 23
481 4277 528 4336 Ad
546 4277 584 4334 V.
594 4282 623 4335 2.
643 4275 679 4344 L.
701 4277 749 4355 (in
767 4277 823 4334 hoe
843 4296 861 4335 a
880 4295 953 4335 corr.
975 4272 1002 4344 t)
1028 4280 1067 4335 Et
1085 4277 1122 4334 V.
1138 4281 1166 4336 1.
1188 4275 1224 4335 C.
1262 4279 1327 4354 Ego
1346 4278 1466 4336 correxi.

325 4373 327 4378 ·
381 4370 408 4411 r.
422 4354 460 4412 24
480 4353 639 4412 Falsisseat
656 4354 694 4411 Ι..-
714 4355 748 4411 C.
774 4354 811 4411 V.
828 4359 857 4413 1.
879 4354 916 4411 G.
945 4383 985 4396 -
1017 4351 1089 4426 fotis
1106 4356 1244 4429 tarpeis,
1267 4356 1298 4412 in
1322 4356 1388 4433 ipso
1411 4356 1523 4433 patriae

382 4430 507 4490 interitu.
518 4430 555 4487 V.
567 4436 597 4488 2.
608 4433 704 4489 statis.
780 4448 806 4487 v.
820 4435 859 4489 28
879 4431 1027 4489 sumserat
1040 4448 1148 4488 omues.
1168 4427 1404 4501 flomirromoatis
1413 4449 1522 4490 ornnes.

381 4524 409 4564 r.
423 4512 462 4567 30
482 4513 580 4585 eaptus
599 4513 628 4564 et
652 4510 757 4583 eapitis
783 4508 895 4584 (captis
920 4503 979 4581 G.)
1004 4524 1112 4565 omues.
1139 4523 1212 4565 corr.
1238 4508 1330 4567 Soal.-
1343 4541 1383 4552 -·
1410 4508 1523 4566 Mucius

311 4604 315 4613 ·
338 4597 340 4602 ·
381 4584 545 4643 vulneribus
567 4573 778 4655 (destillantem
801 4585 831 4640 in
855 4583 953 4641 hostili
965 4583 1069 4641 ioculo
1088 4582 1216 4641 dextram
1237 4585 1382 4664 Sem-Ep.
1401 4585 1448 4643 24.
1468 4602 1522 4641 uo-

381 4656 489 4733 miuat)
518 4661 612 4736 iguem
631 4660 771 4736 sepelivit.
812 4661 1001 4719 Conieoeram
1021 4660 1189 4737 aliquando:
1218 4662 1335 4739 Ipaibss
1352 4662 1431 4720 utam
1453 4655 1523 4718 Vol·

383 4754 452 4796 storo
471 4739 598 4811 (scribae
618 4736 744 4811 inflicta)
765 4737 808 4796 dis
829 4740 920 4797 vietor
940 4746 995 4796 eto.
1307 4755 1310 4760 ·
1391 4761 1405 4768 ··
1431 4745 1434 4754 '
