3700 5609
638 606 746 711 hana
766 609 808 677 V.
838 633 882 680 Ιν.
900 608 1118 681 oto—tw
1204 581 1207 586 ¹

296 775 499 845 thentitus
521 777 646 867 mus,
670 788 702 845 et
723 800 873 870 campum
893 779 1009 850 tollere
1031 778 1178 874 cursito»,

348 885 480 954 Gnavus
504 886 543 954 ab
566 896 710 954 extremo
733 890 824 955 citius
846 890 1041 959 revolaverit
1062 877 1186 959 eruet-²⁵
1242 943 1245 948 -

345 996 501 1080 Nuncius,
525 1006 747 1063 extremumve
767 997 848 1065 levis
870 988 1241 1090 penetraverstuorbem.
1283 1020 1303 1055 ν

345 1107 470 1175 Vilibus
487 1106 541 1173 ille
563 1107 659 1175 etiarn
680 1108 805 1175 sanabit
824 1110 960 1177 vulnera
981 1109 1085 1177 sueis‘

346 1216 609 1311 Quaglru'pedun
634 1228 666 1286 et
686 1219 829 1286 medicas
851 1230 937 1286 artes
956 1220 1155 1304 invutembra
1175 1220 1315 1288 ferarum
1380 1282 1383 1287 ,

296 1343 335 1383 645
347 1325 493 1409 Noverit,
514 1326 672 1417 humanos
695 1338 728 1395 et
750 1352 832 1420 quae
852 1329 1029 1424 nascsqtur
1047 1330 1087 1397 ad
1109 1350 1196 1396 usus.

231 1488 234 1494 .
344 1435 430 1503 Nixa
451 1459 537 1527 genu
558 1442 683 1527 species
705 1440 758 1507 vel
781 1438 879 1505 Graio
901 1442 1031 1508 nonnae
1052 1440 1137 1506 dicta

343 1543 539 1635 Engonasin,
561 1548 856 1638 (quicunque-latet
876 1548 940 1614 sul>
959 1550 1089 1637 origine,
1112 1535 1249 1634 constat)

345 1653 470 1721 Dextra
492 1679 551 1745 per
573 1667 736 1724 extremos
759 1657 874 1724 attollit
893 1656 1016 1725 lumina
1037 1658 1159 1724 Pisces.

344 1762 428 1830 Hinc
450 1766 526 1855 fuga
546 1777 747 1849 nascentum,
769 1767 862 1833 dolus
883 1769 1083 1859 insidiaeque
1105 1777 1264 1851 creantur,

294 1890 334 1930 ⁰⁵11
347 1871 580 1965 Grassatorque
602 1878 691 1943 venit
711 1876 851 1943 mediam
873 1879 1065 1946 metuendus
1086 1878 1119 1943 in
1140 1877 1262 1945 urbem.

344 1982 387 2048 Et
408 1984 435 2048 si
457 1984 538 2050 forte
562 1984 684 2075 aliquas
707 1988 830 2053 animus
852 1997 1026 2078 consurget
1046 1989 1078 2053 in
1102 1989 1187 2069 artis,

343 2090 378 2158 ln
400 2105 572 2186 praerupta
595 2096 682 2162 dabit
703 2095 853 2179 studium,
874 2096 1057 2188 vendetque
1078 2096 1198 2187 periclo

343 2198 524 2290 Ingenium3
547 2229 585 2273 ac
607 2208 710 2272 tenuis
734 2228 831 2273 ausus
853 2206 921 2272 sine
942 2206 1042 2274 limite
1065 2229 1194 2297 gressus

346 2313 443 2380 Certa
465 2336 523 2403 per
545 2324 693 2381 extentos
714 2326 814 2405 ponet
835 2317 970 2407 vestigia
992 2318 1093 2399 funes,

294 2436 333 2477 655
346 2419 389 2487 Et
411 2421 491 2488 caeli
512 2423 684 2490 meditatus
705 2426 767 2491 iter
786 2426 922 2515 vestigia
944 2426 1065 2516 perdet,

283 2689 319 2747 A.
345 2708 371 2746 v.
387 2690 444 2748 640
463 2691 558 2748 Metiri
578 2722 616 2732 —-
636 2711 738 2771 campo
754 2723 792 2734 -—
810 2713 922 2750 cursum
1000 2711 1026 2749 v.
1041 2692 1095 2752 641
1117 2693 1255 2763 Quamvis
1333 2711 1359 2752 v.
1370 2692 1427 2753 642
1441 2695 1488 2752 vel

343 2768 386 2823 bis
465 2786 492 2825 v.
506 2768 563 2826 644
582 2777 612 2825 et
630 2788 685 2826 ont.
771 2788 797 2826 v.
812 2771 868 2827 646
888 2779 918 2826 et
937 2769 990 2825 Gr.
1076 2790 1103 2827 v.
1118 2772 1174 2830 647
1191 2771 1230 2827 Et
1249 2789 1331 2827 corna
1351 2771 1490 2846 signicula

341 2845 437 2900 vivens
516 2864 542 2901 v.
556 2846 613 2901 650
632 2845 729 2902 media
740 2849 861 2903 —urbe
940 2864 965 2901 v.
980 2847 1033 2902 651
1057 2848 1151 2903 animo
1221 2864 1246 2903 v.
1261 2849 1318 2906 652
1338 2848 1487 2923 vincetque

339 2938 364 2976 v.
380 2923 436 2978 653
457 2930 507 2977 aut
583 2938 609 2976 v.
624 2920 680 2983 654
702 2920 773 2979 fines
851 2941 877 2980 v.
892 2923 948 2980 655
969 2921 1087 2995 vestigia
1105 2922 1214 3000 pendet

281 3046 312 3104 S.
340 3066 366 3104 v.
379 3047 435 3105 640
454 3048 569 3107 Mentiri
588 3080 628 3090 -
647 3066 749 3127 campo
768 3080 806 3091 -
826 3068 939 3106 cursum
1037 3068 1062 3106 v.
1077 3049 1131 3108 641
1154 3050 1291 3117 Quamvis
1388 3068 1414 3105 v.
1429 3048 1487 3106 642

339 3124 384 3181 vel
405 3126 448 3182 bis
539 3144 566 3181 v.
582 3122 639 3182 644
658 3134 687 3181 et
706 3145 760 3183 oar.
852 3146 877 3183 v.
892 3126 948 3183 646
970 3134 999 3183 et
1019 3126 1071 3183 Gr.
1157 3145 1183 3185 v.
1199 3127 1256 3185 647
1273 3126 1421 3200 Engonasi
1440 3128 1484 3182 in·

338 3200 444 3275 ginicla
463 3202 556 3259 nitens
674 3219 699 3258 v.
714 3205 771 3261 650
790 3204 915 3261 mediam
933 3234 971 3245 -
991 3204 1089 3260 urbem
1206 3203 1428 3269 v.651anim01

339 3296 364 3333 v.
379 3280 436 3335 652
456 3278 605 3353 vincetque
682 3297 708 3335 v.
724 3282 779 3337 653
800 3289 849 3336 aut

280 3403 316 3460 B.
337 3422 362 3459 v.
376 3402 431 3461 641
453 3406 537 3462 eiicit.
633 3424 660 3462 v.
675 3406 732 3463 642
752 3416 822 3463 extr.
843 3408 929 3465 velox
1023 3426 1049 3463 v.
1065 3406 1121 3464 644
1139 3406 1244 3465 herbas
1263 3404 1447 3463 -ferorum

337 3498 363 3536 v.
378 3479 434 3538 646
453 3490 483 3539 et
501 3482 552 3538 Gr.
630 3500 656 3537 v.
672 3483 729 3539 647
747 3482 903 3559 Engonasi,
923 3484 1022 3559 ignota
1039 3482 1130 3541 facies
1215 3501 1241 3540 v.
1256 3485 1313 3541 650
1331 3480 1427 3539 media
1446 3509 1484 3523 -

336 3558 407 3616 urbe
483 3576 509 3615 v.
523 3560 578 3616 651
599 3558 700 3615 animis
720 3577 834 3635 exsurg.
912 3579 939 3617 v.
955 3561 1010 3618 655
1029 3560 1067 3615 At

279 3684 317 3740 V.
338 3702 363 3740 v.
379 3684 435 3742 640
455 3686 598 3741 Mentitus
617 3705 724 3743 ornnes.
750 3705 880 3763 conanum
899 3717 938 3727 -
959 3703 1043 3742 cursu
1062 3704 1176 3752 ornnes,
1197 3685 1253 3741 nisi
1274 3685 1352 3760 quod
1372 3702 1487 3741 ctrrsum

359 3769 460 3817 eccant
480 3760 517 3817 V.
527 3765 555 3817 2.
576 3762 611 3818 L.
704 3781 729 3819 v.
744 3761 797 3820 641
823 3764 961 3833 Quamvis
981 3760 1014 3818 alr
1034 3769 1159 3833 extremo
1180 3779 1292 3830 ornnes;
1319 3761 1372 3817 sed
1392 3761 1485 3816 verius

368 3840 414 3892 .2.
438 3837 557 3905 Quouis.
577 3836 603 3892 E
624 3858 641 3893 o
662 3838 782 3895 correxi.
860 3857 886 3894 v.
900 3838 958 3893 642
977 3835 1021 3893 ool
1039 3835 1082 3892 lis
1102 3835 1179 3894 v.1.
1202 3835 1236 3893 C.
1260 3835 1328 3892 uelle
1347 3835 1388 3892 lis
1407 3834 1444 3905 V..
1456 3838 1485 3891 2.

337 3912 383 3968 ool
403 3910 472 3967 letis
491 3912 525 3968 L.
547 3856 622 3981 (serf
634 3931 652 3969 a
672 3931 744 3969 corr.
766 3912 874 3972 induet.
895 3912 944 3983 le).
965 3912 1027 3986 Ego
1049 3913 1169 3968 correxi.
1257 3930 1283 3967 v.
1295 3911 1355 3968 ’644
1374 3918 1400 3967 ot
1420 3918 1486 3967 ante

337 3986 468 4057 arroditur¹
485 3985 729 4045 addunt'ornnes.
787 3987 790 3996 '
816 4046 819 4053 ,
845 4008 872 4045 v.
887 3987 943 4046 645
968 3986 1091 4044 lrumono
1116 3986 1165 4043 sed
1184 4006 1254 4062 quae
1278 4006 1386 4044 omnes.

339 4084 365 4122 v.
380 4063 436 4121 646
457 4071 484 4119 et
506 4065 596 4121 Grato
618 4083 726 4122 omnes.
746 4065 809 4141 Ego
830 4064 949 4121 correxi.
1055 4082 1081 4119 v.
1095 4063 1152 4143 647
1173 4067 1210 4119 Et
1229 4081 1323 4120 coum
1342 4060 1488 4135 inquiouln

337 4139 418 4198 vides
437 4140 473 4197 V.
487 4143 514 4196 1.
535 4140 569 4197 L.
591 4140 658 4214 (sed
678 4158 696 4196 a
716 4161 789 4198 corr.
811 4139 947 4210 conum.)
983 4143 1022 4196 Et
1039 4156 1129 4213 quous
1148 4140 1228 4213 tuqui
1247 4138 1381 4195 colendos
1400 4138 1438 4193 V.
1457 4140 1494 4200 2.

335 4217 400 4291 Ego
420 4216 540 4273 correxi.
561 4222 674 4273 coastat
699 4235 804 4275 nornen
829 4227 858 4275 et
884 4215 1079 4281 constellatio,
1111 4217 1272 4290 quicunque
1292 4222 1335 4271 est
1357 4214 1408 4269 sub
1429 4213 1487 4267 ori·

338 4311 412 4369 gene
432 4292 533 4349 latens.
562 4292 721 4349 Maniliana
739 4295 841 4350 oratio.
929 4310 955 4347 v.
970 4293 1027 4349 650
1045 4288 1367 4365 modiumque-urbem
1378 4306 1487 4344 ornnes.

297 4409 299 4416 .
339 4369 407 4442 (nisi
426 4368 505 4443 quod
523 4368 558 4423 L.
579 4378 608 4425 et
627 4368 664 4424 V.
675 4372 704 4425 2.
726 4369 817 4426 orbem
836 4367 984 4445 peccant.)
1061 4383 1088 4422 v.
1103 4367 1157 4424 651
1180 4370 1291 4422 unimus
1310 4365 1347 4422 V.
1360 4368 1388 4420 2.
1399 4364 1433 4419 L.
1449 4394 1488 4403 -

339 4446 491 4517 (canumet,
514 4443 592 4518 quod
611 4444 640 4500 in
660 4444 750 4501 tribus
769 4446 911 4502 veteribus
932 4461 996 4499 esse
1014 4442 1051 4499 B.
1073 4442 1130 4512 ait)
1155 4443 1185 4496 in
1209 4441 1287 4497 nullo
1309 4440 1406 4507 video,
1433 4438 1488 4496 sed
1571 4503 1574 4508 ¹

339 4522 491 4592 oomrqtt.
510 4526 537 4575 ot
554 4522 644 4593 eurqit
656 4521 708 4590 L.;
728 4521 782 4578 sed
802 4539 820 4576 a
840 4538 913 4576 corr.
933 4536 1009 4576 coras.
1029 4548 1032 4552 .
1087 4535 1113 4573 v.
1128 4520 1185 4574 652
1204 4521 1294 4574 otaoet
1313 4517 1350 4573 V.
1362 4521 1389 4573 1.
1407 4514 1441 4570 C.
1451 4515 1486 4570 L.

339 4595 407 4666 (sed
427 4612 446 4649 a
465 4595 670 4664 corr.;'fuerat
687 4595 847 4671 studetque)
866 4596 907 4661 ita
926 4594 964 4652 V.
975 4599 1004 4651 2.
1024 4592 1171 4667 ooudrtquo
1189 4593 1328 4649 Venetus.
1392 4609 1419 4646 v.
1431 4591 1488 4647 653

261 4723 270 4736 ,
340 4689 376 4728 ao
389 4688 497 4726 ornnes.
518 4702 557 4713 —
575 4673 720 4729 unuiaL.
737 4672 774 4729 V.
786 4677 814 4731 2.
871 4663 920 4729 'v.
935 4669 992 4729 654
1010 4672 1153 4728 extinctos
1162 4686 1271 4726 ornnes.
1290 4670 1368 4746 pontt
1381 4682 1488 4740 omnes.
1580 4701 1590 4720 .

338 4746 431 4819 fam.
450 4745 486 4802 L.
506 4746 609 4820 (ceteri
626 4745 720 4823 fiores.)
741 4768 814 4807 corr.
834 4745 914 4807 Scal.

313 4861 410 4919 Manili
425 4862 578 4919 Astrononr.
1204 4841 1246 4909 13
