3700 5609
693 596 798 665 Lmna
819 598 841 665 l.
885 621 915 661 v.
938 604 1127 661 252-265.

381 772 424 839 Et
446 768 547 836 multa
570 760 601 835 in
624 777 756 835 cunctas
780 767 944 855 dispensat
965 764 1094 831 foedera
1116 766 1224 851 portis,

381 880 492 947 Altera
515 888 550 944 ut
573 878 703 945 alterius
727 880 812 943 vircs
836 878 996 967 faciatque
1020 878 1173 964 leratque,

383 992 584 1077 Summaque
606 1011 664 1076 per
686 987 790 1052 varios
814 996 945 1054 maneat
967 995 1103 1076 cognata
1126 982 1252 1072 figuras.

330 1120 371 1159 aas
448 1098 545 1166 Nunc
568 1096 623 1161 tibi
645 1097 809 1185 signorum
830 1095 967 1163 lucentis
989 1095 1130 1184 undique
1151 1094 1296 1158 flammas

382 1207 556 1275 Ordinibus
579 1205 673 1269 certis
696 1205 840 1271 referam.
863 1208 1067 1295 primumque
1090 1185 1245 1268 canentur

385 1318 480 1402 Quae
501 1316 607 1382 media
630 1311 758 1402 obliquo
781 1316 992 1403 praecingunt
1014 1314 1124 1381 ordine
1147 1308 1312 1389 mundum,

383 1426 561 1516 Solemque
585 1423 713 1489 alternis
735 1422 857 1488 vicibus
881 1448 940 1513 per
961 1434 1107 1514 tempora
1129 1428 1267 1511 portant,

384 1538 489 1625 Atque
513 1533 573 1600 olio
597 1533 733 1599 adverso
756 1530 910 1599 luctantia
932 1535 1038 1600 sidera
1059 1532 1179 1598 mundo

332 1666 375 1704 2⁶⁰
388 1646 520 1726 Omnia,
544 1666 626 1733 quae
647 1642 752 1731 possis
776 1641 865 1707 eaelo
889 1666 1058 1709 numerare
1078 1663 1203 1721 sereno,

383 1754 411 1819 E
434 1753 548 1844 quibus
572 1754 704 1817 stratio
726 1752 864 1816 fatorum
888 1752 1013 1819 ducitur
1034 1754 1155 1832 omnis3

382 1864 428 1930 Ut
450 1864 491 1928 sit
512 1861 598 1927 idem
620 1860 728 1927 mundi
751 1861 889 1948 primum
912 1861 999 1948 quod
1022 1862 1163 1926 continet
1185 1881 1302 1925 arcem.

383 1973 504 2038 Aurato
527 1973 676 2059 princeps
699 1971 789 2035 Aries
811 1970 843 2034 in
866 1968 986 2035 vellere
1008 1969 1142 2058 fulgens,

383 2081 528 2170 Respicit
550 2080 709 2145 admirans
733 2102 883 2145 aversum
903 2101 1036 2167 surgere
1059 2079 1214 2161 Taurum,

332 2208 374 2248 2⁰⁵
388 2189 571 2257 Summisso
593 2188 685 2255 vultu
708 2188 862 2255 Geminos
885 2198 917 2254 et
938 2190 1041 2256 fronte
1064 2198 1237 2256 notantem.

319 2441 354 2495 A.
380 2457 406 2495 v.
420 2441 477 2497 253
497 2440 578 2496 Alter
655 2457 679 2494 r.
693 2441 751 2496 257
771 2437 917 2514 obliquum
996 2457 1020 2493 v.
1035 2441 1093 2495 260
1112 2438 1221 2494 variare
1306 2456 1330 2493 r.
1345 2438 1402 2495 264
1422 2439 1524 2496 adver·

379 2534 442 2571 sum
520 2535 545 2573 v.
559 2518 616 2573 265
636 2523 784 2571 vocantem

321 2642 353 2699 S.
380 2661 406 2699 r.
420 2647 478 2701 253
497 2643 577 2700 Alter
654 2661 679 2699 v.
693 2645 749 2701 265
770 2650 916 2699 rorantem

319 2766 356 2826 B.
377 2786 404 2825 v.
418 2773 476 2827 252
494 2771 652 2846 Mutuaque
730 2788 756 2825 v,
771 2772 827 2828 257
847 2768 942 2826 media
1026 2787 1051 2825 v.
1065 2772 1123 2827 262
1142 2770 1219 2827 idern
1238 2771 1369 2848 primum,
1389 2772 1488 2828 mundi

378 2863 405 2903 r.
417 2850 476 2904 265
496 2857 644 2903 vocantem

319 2970 359 3029 V.
380 2991 411 3040 v,
421 2976 479 3032 252
496 2976 576 3050 pacis
595 2974 632 3031 V.
643 2976 671 3031 2.
771 2992 798 3029 v.
812 2976 869 3030 253
889 2972 975 3028 Alter
996 2992 1103 3029 ornnes.
1129 2993 1202 3030 corr.
1223 2974 1319 3032 Bentl.
1344 2977 1394 3031 Vis
1413 2977 1525 3032 onintae

379 3069 543 3127 supremum
568 3049 640 3106 illurl
659 3059 688 3107 et
707 3049 884 3107 indefinitum
909 3067 1013 3105 numen
1039 3058 1097 3115 est,
1122 3068 1140 3105 o
1161 3069 1217 3125 quo
1238 3059 1303 3106 sunt
1322 3053 1431 3120 omnia3
1456 3051 1525 3107 deus

378 3136 483 3194 autem,
503 3129 657 3203 quiscere
677 3133 770 3183 nieuw
789 3127 948 3199 conspirat,
965 3125 1088 3181 mundus
1109 3134 1152 3182 est
1171 3128 1190 3183 i.
1207 3145 1233 3182 e.
1255 3127 1365 3183 caelum
1378 3135 1407 3184 et
1418 3128 1525 3195 sidera,

378 3220 397 3259 a
417 3221 473 3279 quo
495 3212 598 3262 cuncta
616 3212 761 3278 reguntur.
782 3203 843 3259 eius
862 3201 954 3258 osolla
973 3198 1104 3271 foedera,
1124 3212 1156 3257 ut
1175 3211 1251 3260 recte
1271 3203 1425 3278 Pingreus,
1445 3204 1523 3260 side·

379 3297 443 3335 rum
462 3280 546 3346 visus,
567 3278 690 3347 auditus,
710 3287 853 3356 aspectus,
873 3276 942 3334 odia
960 3287 1017 3335 etc.
1036 3278 1204 3354 significant.
1235 3287 1334 3355 portes
1344 3280 1437 3355 igitur,
1450 3298 1524 3356 quae

379 3353 501 3413 loedere
521 3356 683 3431 iunguntur,
703 3356 768 3434 ipsa
788 3356 925 3412 caelestia
945 3356 1027 3429 signa
1046 3366 1126 3426 sunt3
1147 3375 1244 3413 cortun
1261 3356 1369 3413 alterae
1388 3361 1461 3413 uiroc
1474 3355 1524 3427 fo-

381 3438 475 3498 eteat,
500 3429 608 3489 alterae
628 3429 742 3501 ferunt,
768 3433 787 3488 i.
808 3452 834 3489 e.
855 3430 998 3487 auserunt.
1044 3450 1216 3507 quamquam
1240 3442 1336 3490 autem
1355 3434 1394 3489 ita
1413 3433 1525 3508 singula
1589 3456 1593 3461 *

380 3516 522 3585 pugnant,
542 3524 653 3564 suornm
669 3517 766 3565 tamen
785 3527 840 3586 per
858 3509 953 3564 omnia
973 3508 1071 3564 similis
1092 3516 1196 3566 manet.
1312 3528 1337 3565 r.
1351 3512 1410 3566 262
1428 3507 1525 3565 mundi

379 3587 503 3659 primum
522 3593 566 3641 est
576 3582 650 3641 caeli
661 3584 946 3661 praestantissimum,
958 3584 1092 3640 zodiacus
1104 3594 1133 3641 et
1144 3586 1289 3662 planetae.
1329 3586 1418 3653 Quod
1427 3585 1523 3642 Bentl.

380 3660 490 3727 intulit,
515 3662 572 3717 iarn
592 3679 632 3717 vs.
649 3664 706 3719 256
732 3660 867 3736 legimus:
892 3664 1068 3735 petrarumque
1091 3668 1239 3718 conentur.
1278 3662 1347 3720 Non
1371 3662 1523 3730 dubitabis,

381 3737 450 3811 quin
471 3736 507 3792 sit
526 3736 686 3812 legendum,
706 3736 782 3811 quod
801 3738 928 3793 continet
948 3744 1055 3805 ortem,
1075 3738 1099 3793 si
1119 3739 1321 3794 sententiarum
1341 3757 1524 3814 progressmn

380 3814 504 3890 ceperis.
582 3833 608 3869 v.
622 3814 680 3872 264
699 3812 849 3869 odoersrun
869 3831 977 3868 omnes.
999 3814 1081 3870 Corr.
1101 3813 1194 3883 Scal.;
1215 3832 1279 3869 cum
1299 3814 1405 3881 clunes,
1425 3822 1456 3869 ut
1476 3814 1524 3880 ait,

382 3888 475 3944 'sauri
487 3889 576 3948 Arieti
595 3892 652 3947 sint
671 3891 832 3966 oppositae.
911 3908 936 3944 v.
950 3892 1007 3947 265
1024 3897 1168 3947 vocantem
1182 3890 1278 3956 ceteri,
1290 3896 1434 3945 notantem
1446 3890 1482 3946 V.
1494 3893 1522 3947 2.

380 3964 415 4022 Si
433 3973 583 4022 uocantem
601 3968 751 4044 probabis,
770 3964 941 4022 submi-scunt
960 3966 1066 4022 vultum
1086 3966 1212 4041 intellige
1232 3965 1278 4023 vel
1295 3965 1459 4022 inclinatum
1478 3967 1524 4023 vel

378 4042 465 4098 etiarn
484 4041 619 4099 lrurnilem
638 4045 762 4118 iugoque
781 4040 947 4119 recipiendo
964 4052 1104 4118 paratum.
1145 4042 1178 4098 si
1191 4049 1349 4109 notantem,
1363 4043 1456 4101 vultus
1470 4044 1525 4100 erit

379 4117 492 4195 praelia
510 4119 665 4176 minitantis
686 4118 786 4185 Tauri,
805 4118 1011 4191 irascentisque
1032 4119 1060 4173 in
1082 4137 1197 4187 cornua,
1219 4129 1249 4175 ut
1268 4138 1315 4195 ap.
1336 4118 1388 4175 Sil.
1410 4119 1446 4187 V,
1467 4125 1524 4177 310

319 4189 322 4199 “
378 4192 534 4250 suboriasoi
549 4194 640 4252 leonis
661 4204 747 4266 artus.
761 4193 920 4268 eodemque
933 4196 1028 4250 resero
1047 4194 1157 4266 frontis
1177 4197 1357 4262 mentionem,
1378 4196 1406 4251 in
1420 4196 1522 4275 quail-

379 4269 436 4325 lius
461 4268 574 4327 belluae
601 4273 673 4329 vires
698 4272 851 4344 minaeque
877 4279 942 4325 sunt
967 4271 1087 4347 positae.
1133 4272 1237 4345 Neque
1262 4291 1299 4329 ea
1325 4264 1361 4329 de
1386 4293 1416 4331 re
1443 4274 1522 4348 quis-

381 4362 468 4421 quam
488 4344 641 4416 dubitabit,
668 4347 717 4421 qui
741 4345 843 4403 eadem
868 4348 955 4402 verba
981 4365 1028 4424 ap.
1048 4347 1164 4404 Petron.
1190 4350 1220 4403 in
1245 4348 1330 4405 aliam
1356 4369 1415 4407 rem
1440 4369 1524 4407 versa

378 4421 468 4495 leget,
489 4441 513 4478 c.
525 4427 594 4480 126:
619 4422 693 4480 barno
712 4430 772 4479 crot
792 4441 811 4478 o
830 4429 916 4479 torvo
936 4427 1107 4481 suntor-ittera
1126 4442 1236 4481 corono·
1254 4424 1351 4496 fronte
1371 4436 1425 4482 etc.
1465 4427 1523 4482 Fa-

377 4496 465 4554 bulae
491 4499 576 4554 etiarn
602 4501 736 4556 utramvis
763 4499 1025 4574 interpretationem
1052 4501 1217 4570 admittunt3
1241 4502 1382 4577 siquidem
1407 4503 1434 4557 T
1437 4521 1523 4558 anrus

378 4572 460 4652 apud
484 4574 557 4630 alios
576 4575 711 4653 Europae
731 4584 842 4641 rector,
866 4575 946 4651 apud
965 4576 1036 4633 alios
1056 4576 1251 4634 Marathonius
1272 4588 1368 4634 taurus
1389 4589 1447 4649 est3
1472 4597 1523 4635 ea-

377 4650 502 4725 demque
521 4652 600 4708 sabb.
621 4654 742 4709 varietas
767 4653 796 4707 in
823 4651 966 4718 Geminis,
993 4653 1041 4727 qoi
1068 4653 1130 4709 aliis
1152 4653 1256 4711 Castor
1275 4664 1303 4711 et
1322 4653 1426 4710 Pollux
1450 4663 1523 4718 sunt,

379 4724 444 4782 aliis
466 4726 605 4784 Hercules
625 4737 654 4784 et
674 4728 787 4805 Apollo,
809 4727 846 4784 cf.
867 4726 916 4795 lV,
927 4731 993 4785 756.
1027 4728 1213 4787 Consuetudo
1234 4739 1383 4808 poetarum
1403 4730 1441 4787 ad
1461 4730 1522 4785 rul-
