3700 5609
345 592 410 660 209
836 590 1038 660 luonx.

382 767 485 836 lueris,
511 776 543 823 ut
568 765 646 844 apud
671 764 806 823 Ovidium
833 769 986 843 prosimus
1011 765 1237 843 septentrionum
1260 764 1406 833 Boream:
1424 771 1458 824 ot
1481 763 1556 845 apud

381 859 545 918 Phaedrum
565 859 660 938 lupus,
679 860 729 935 qui
749 878 852 935 agnum
872 859 1027 925 devoravit,
1046 858 1195 935 proximus
1215 857 1319 935 culpae
1338 867 1398 917 est.
1449 897 1453 902 -
1490 881 1495 900 ¹
1520 887 1523 892 ·

343 951 410 1026 {sla
428 954 531 1010 diurna
549 953 628 1021 solis,
647 953 724 1011 soles
745 953 828 1029 quasi
848 970 934 1009 tanum
954 952 1031 1010 diem
1050 952 1191 1021 virentes;
1215 952 1376 1029 Epicurum
1402 952 1485 1012 malo
1511 954 1552 1010 'm-

382 1044 501 1113 tellexit,
522 1047 571 1122 qui
591 1048 694 1103 atomis
714 1065 828 1122 semper
847 1045 1051 1103 accedentibus
1077 1054 1106 1101 et
1125 1045 1326 1102 recedentibus
1351 1055 1463 1104 cuncta
1486 1065 1552 1106 coo·

381 1139 461 1195 tiouo
485 1138 626 1196 demutari
651 1148 680 1196 et
699 1139 757 1195 alia
776 1157 840 1195 esse
862 1138 973 1206 docuit,
993 1139 1014 1206 Ι,
1036 1138 1105 1208 184;
1124 1136 1190 1209 foto
1209 1136 1335 1212 publico,
1355 1157 1438 1197 mors
1458 1149 1491 1199 et
1508 1159 1552 1199 se·

381 1232 497 1311 piltora
516 1233 631 1311 publica
650 1232 680 1287 in
698 1230 872 1308 pestilentia,
893 1232 914 1298 Ι,
935 1236 1002 1291 883.
1335 1246 1337 1249 ’

343 1323 415 1399 fars,
434 1327 453 1384 i.
474 1344 501 1383 e.
521 1326 624 1391 lerino,
645 1324 719 1381 lacte
740 1323 760 1391 Ι,
781 1328 847 1382 368.
886 1324 976 1397 fmus,
996 1326 1155 1402 sagittifer,
1176 1325 1212 1393 V,
1232 1329 1299 1384 366.

342 1417 465 1492 [nocito
483 1414 578 1493 rapui?
598 1436 643 1484 au,
662 1412 766 1490 repro?
784 1417 836 1488 lV,
855 1423 922 1477 760.

286 1567 289 1571 ,
342 1511 426 1586 ferro,
445 1513 464 1568 i.
485 1530 512 1568 e.
534 1509 656 1577 auferre,
676 1509 698 1576 l,
718 1513 790 1581 2533
810 1509 904 1582 ferrus
924 1515 1024 1570 'l'auro
1044 1514 1137 1569 vicina
1156 1514 1285 1589 vestigia,
1305 1514 1327 1581 Ι,
1347 1518 1420 1574 361.

343 1604 438 1679 {meas
458 1606 573 1670 moenio,
593 1604 613 1659 i.
634 1622 661 1660 e.
682 1604 819 1660 muralem
840 1625 975 1663 coronam
995 1624 1107 1681 gerens,
1128 1607 1149 1673 l,
1169 1610 1221 1663 781
1233 1625 1247 1675 ;.
1266 1605 1346 1674 tulit,
1363 1608 1393 1665 i.
1415 1625 1444 1668 e.
1466 1627 1553 1689 passa

383 1708 427 1757 est
445 1699 551 1756 bellum
570 1704 673 1753 natura
691 1715 746 1773 per
764 1697 854 1771 ignes,
874 1699 895 1766 Ι,
917 1702 991 1766 902;
1010 1696 1094 1768 forro,
1114 1698 1134 1753 i.
1156 1717 1183 1756 e.
1203 1698 1233 1754 iu
1254 1717 1285 1755 se
1304 1700 1492 1778 recipereyet
1510 1710 1552 1758 to-

381 1794 474 1852 leram
499 1790 598 1847 officia
622 1790 725 1845 maiori
751 1790 842 1845 amico
866 1790 1052 1868 praestanda,
1073 1790 1121 1858 ΙΙΙ,
1143 1793 1212 1861 149;
1238 1791 1386 1876 fortunam
1406 1793 1486 1866 scm
1503 1813 1554 1874 per

381 1886 480 1953 urbes,
500 1893 616 1963 portare
636 1901 696 1939 rem
715 1881 886 1940 familiarem
904 1904 959 1963 per
972 1888 1066 1953 urbes,
1081 1883 1118 1941 de
1131 1894 1299 1953 mercatore,
1312 1886 1449 1959 lV,167;
1468 1888 1552 1961 forro,

381 1981 400 2037 i.
421 2000 448 2038 e.
469 1998 570 2055 gerere
596 1978 728 2033 humeros
755 1975 862 2044 alatos,
881 1976 931 2046 lV,
951 1981 1028 2049 5813
1052 1977 1144 2050 forro,
1168 1980 1188 2035 i.
1209 1997 1236 2035 e.
1257 1978 1364 2037 ducere
1384 1982 1552 2041 brachiolo

382 2074 475 2133 lentos
494 2082 597 2139 tactus,
618 2071 654 2137 V,
674 2070 747 2137 4243
772 2070 801 2124 in
822 2079 911 2127 semet
935 2070 1021 2143 ferri,
1047 2071 1145 2130 furere
1166 2080 1265 2129 contra
1284 2092 1316 2130 se
1336 2074 1436 2150 ipsum
1454 2076 1552 2133 conri-

364 2171 442 2238 ¹ciis,
461 2167 511 2235 lV,
531 2169 602 2235 873;
622 2163 698 2234 forro
716 2179 768 2237 por
786 2164 911 2220 samua
932 2166 1064 2236 animum,
1084 2166 1103 2220 i.
1124 2184 1150 2222 e.
1171 2165 1248 2221 serre
1268 2165 1298 2221 in
1317 2166 1451 2237 caelum,
1477 2170 1551 2226 unde

381 2264 491 2321 animus
512 2268 592 2316 ortus
612 2264 670 2323 est,
689 2254 740 2321 IV,
761 2258 832 2324 879;
857 2253 1045 2325 [moraturis
1065 2277 1125 2325 ara,
1144 2258 1181 2325 V,
1201 2257 1274 2328 341;
1300 2257 1411 2330 fomis,
1431 2263 1453 2321 i.
1473 2282 1503 2321 e.
1522 2282 1550 2321 se

379 2356 540 2435 profereus,
558 2351 660 2418 Piscis,
680 2349 716 2415 V,
737 2351 803 2406 396.

341 2444 413 2522 fidos
439 2445 593 2502 Chelarum
619 2445 648 2500 in
674 2461 709 2499 eo
736 2450 794 2508 est,
820 2444 898 2517 quod
922 2464 1004 2501 suum
1032 2445 1134 2518 cuique
1160 2451 1300 2521 praestat,
1326 2444 1433 2504 eodem
1457 2447 1550 2519 modo,

381 2560 438 2615 quo
459 2540 564 2595 Librae
581 2538 696 2593 nomine
716 2535 821 2592 ibidem
842 2537 916 2593 iusta
937 2556 1034 2594 earum
1054 2538 1186 2594 examina
1207 2546 1350 2615 vocantur,
1369 2539 1420 2608 ΙΙΙ,
1442 2544 1511 2601 305.

341 2629 411 2705 ficto
429 2628 556 2703 statorias,
576 2628 676 2705 Euripi
696 2647 747 2685 seu
767 2629 836 2696 Nili,
859 2631 906 2699 lV,
926 2631 994 2687 264.

340 2722 472 2800 figurare,
491 2726 512 2798 l,
532 2723 598 2782 814.

339 2816 399 2891 filo,
419 2819 514 2876 lineae
535 2817 685 2886 caelestes,
705 2817 727 2884 1,
748 2819 814 2886 562,
836 2823 865 2875 et
884 2835 983 2895 saepe.

338 2909 449 2987 ῥηθείη
468 2912 579 2970 caelum
598 2910 712 2977 lumine,
732 2911 752 2967 i.
773 2929 799 2968 e.
820 2910 956 2986 fingendo
977 2917 1006 2967 et
1026 2913 1108 2986 quasi
1129 2912 1275 2970 caelatura
1295 2929 1411 2982 ornans,
1433 2924 1466 2972 ut
1485 2916 1549 2996 pin·

377 3006 473 3083 gendo
493 3022 635 3072 omamnr,
654 3004 677 3071 l,
696 3008 769 3074 712;
790 3004 811 3071 Ι,
824 3008 881 3063 757
901 3013 931 3061 et
950 3003 999 3072 lV,
1018 3005 1086 3063 438.
1521 3017 1524 3022 ’

338 3097 405 3173 finis
425 3107 533 3176 coopto,
553 3100 575 3165 Ι,
595 3101 661 3164 825,
683 3096 720 3153 cf.
741 3095 826 3168 footi;
851 3116 961 3155 sumum
978 3096 1051 3166 finis,
1073 3100 1109 3168 ll,
1130 3100 1201 3171 884;
1228 3100 1266 3157 cf.
1286 3118 1314 3157 v.
1328 3104 1402 3161 838:
1423 3107 1552 3183 pertinet

377 3192 416 3251 od
434 3210 559 3250 summos
578 3208 674 3248 rorum
693 3194 720 3244 ot
738 3186 829 3259 mom,
849 3191 868 3248 i.
891 3210 917 3248 e.
939 3191 976 3247 ad
995 3192 1081 3250 finem
1100 3203 1256 3252 extremum
1276 3194 1395 3253 laboris.

338 3282 450 3361 florum,
469 3284 573 3342 ardens
593 3282 677 3339 flatus
698 3280 854 3352 caniculae,
875 3285 911 3353 V,
932 3289 999 3344 217.

337 3378 411 3454 βαίη
430 3378 531 3446 diuino,
551 3378 587 3445 ΙΙ,
608 3379 674 3434 136.

337 3469 423 3546 flecti,
442 3474 461 3529 i.
482 3491 510 3534 e.
530 3470 634 3527 Latine
654 3470 735 3536 verti,
755 3470 802 3537 ΙΙΙ,
824 3470 872 3528 41.
895 3468 949 3546 (cl.
971 3473 1042 3530 Hor.
1063 3473 1096 3530 A.
1117 3472 1168 3551 P.)

337 3561 420 3636 tlolos
439 3568 546 3621 irarum
566 3562 694 3629 caninus,
715 3561 751 3627 V,
772 3564 839 3619 221.

337 3653 431 3731 plores,
452 3657 471 3714 i.
491 3676 518 3713 e.
539 3655 647 3722 florem,
669 3673 720 3711 seu
735 3646 854 3730 ·ἅκμήν;
882 3673 948 3711 uam
973 3655 1049 3714 hunc
1068 3659 1208 3735 pluralem
1235 3659 1284 3716 alii
1308 3662 1470 3740 scriptores
1490 3683 1553 3740 ‘non

374 3750 491 3819 liabent,
513 3751 560 3819 lV,
581 3754 666 3807 822·

337 3842 419 3918 fluct,
444 3846 464 3901 i.
485 3863 512 3902 e.
541 3843 657 3901 diffluat
680 3851 710 3900 et
729 3840 862 3910 secedat,
886 3842 921 3909 II,
944 3842 1015 3914 1453
1035 3844 1068 3912 ll,
1088 3847 1160 3916 764;
1179 3845 1214 3913 ΙΙ,
1236 3850 1306 3917 807;
1335 3842 1402 3917 {loir
1423 3848 1552 3919 fortuna,

373 3938 422 4007 Ill,
443 3940 513 4009 5283
533 3933 620 4008 burt
640 3946 725 4003 artes,
746 3935 852 3993 multae
872 3934 1026 4014 profluent,
1046 3939 1083 4007 V,
1104 3943 1174 4010 371;
1200 3936 1334 4014 fisenus,
1355 3941 1375 3997 i.
1397 3960 1427 3999 e.
1449 3943 1552 4003 laben-

374 4040 419 4090 tes
437 4050 492 4110 per
511 4032 599 4099 sinus,
620 4048 737 4104 angues,
758 4030 794 4097 V,
814 4032 881 4088 393.

336 4120 484 4196 tetmaris
501 4124 630 4181 bnatoris
648 4124 739 4198 signa,
759 4120 793 4190 ll,
813 4125 879 4180 393.

335 4212 461 4289 fluviolis
478 4218 630 4293 Aquarius,
650 4217 686 4284 V,
706 4217 773 4275 491.

335 4306 470 4379 fraenare
487 4329 607 4367 munera
626 4318 756 4376 naturae,
780 4308 882 4365 audaci
902 4310 1104 4381 translatioue3
1125 4319 1170 4368 est
1189 4312 1263 4368 enim
1279 4316 1494 4389 praestantiam
1508 4318 1552 4373 in·

374 4401 451 4476 genii
472 4402 613 4470 cohibere,
634 4402 683 4469 lV,
704 4406 771 4459 201.

335 4491 436 4568 {sporo
456 4490 488 4567 (i.
510 4512 536 4549 e.
558 4492 731 4570 defendere)
752 4492 833 4551 iaces
855 4491 900 4570 (a)
922 4496 1080 4563 moenibus,
1100 4496 1137 4563 V,
1157 4500 1223 4554 302.

335 4584 462 4659 fulmina
486 4587 625 4643 submersi
650 4588 749 4644 mundi
777 4588 904 4644 nominat
927 4588 1014 4646 imum
1041 4589 1199 4657 cardinem,
1224 4607 1349 4659 memor,
1374 4591 1433 4649 nisi
1454 4592 1552 4663 fallor,

374 4678 492 4738 Veioris
520 4686 550 4734 et
576 4677 746 4755 discipliuae
764 4679 921 4738 Etruscae,
955 4682 1031 4740 Nam
1051 4683 1081 4739 in
1101 4683 1243 4739 contrario
1271 4682 1404 4761 luppiter
1421 4685 1553 4760 habitan

376 4770 416 4831 cf.
435 4789 500 4848 sqq.
521 4779 552 4829 et
568 4770 723 4850 praeced,
741 4769 776 4842 Π,
795 4776 863 4833 298.
