3700 5609
318 608 365 682 28

714 596 865 682 lamuel
908 624 939 666 v.
963 606 1155 668 aaa-atr.

336 798 375 839 ssa
388 776 539 845 Efficiunt
560 776 672 844 orbem
693 796 804 854 zonae,
827 794 890 862 qua
912 771 1004 858 signa
1024 770 1169 836 teruntur

386 890 443 957 Bis
465 910 535 969 sex,
557 885 684 977 aequali
704 885 808 974 spatio
831 883 974 949 texentia
996 877 1131 948 caelum.

386 1000 459 1068 Nec
481 998 596 1064 mirere
618 1020 719 1087 vagos
741 1002 852 1087 partus
874 991 990 1059 eadem
1011 1016 1083 1060 esse
1105 1014 1163 1080 per
1185 999 1280 1072 astra,
1344 1016 1348 1024 ·

387 1109 431 1176 Et
445 1108 582 1173 mixtum
603 1107 724 1197 ingenti
745 1106 872 1195 generis
894 1103 1077 1170 discrimine
1096 1103 1209 1180 latum,
1305 1124 1308 1130 ·
1401 1127 1403 1132 ·
1455 1122 1463 1130 ·

387 1216 522 1308 Singula
544 1240 618 1283 cnm
639 1226 763 1281 tantrmr
785 1223 916 1281 teneant
938 1222 1091 1302 tantoque
1114 1213 1255 1278 terantur

336 1329 567 1417 tooTempore3
590 1349 650 1391 sex
671 1334 738 1391 tota
759 1325 923 1413 surgentia
945 1322 1049 1389 sidera
1070 1320 1144 1388 luce

902 1452 922 1495 a

450 1547 563 1614 Restat
585 1556 620 1611 ut
640 1544 809 1613 aethereos
830 1542 909 1611 lines
932 1542 988 1610 tibi
1009 1541 1145 1610 reddere
1166 1563 1275 1623 coner,

385 1658 519 1747 Filaque
541 1656 701 1745 dispositis
719 1654 843 1722 vicibus
862 1655 1048 1720 comitantia
1069 1651 1207 1733 caelum,

386 1768 451 1834 Per
476 1790 558 1858 quae
580 1766 724 1855 dirigitur
744 1767 910 1855 signorum
929 1764 1098 1830 flammeus
1121 1762 1209 1829 ordo.

388 1876 536 1945 Circulos
559 1901 579 1943 a
600 1898 728 1943 summo
747 1884 936 1943 nascentem
957 1874 1080 1941 vertice
1101 1873 1257 1941 mundum

807 2028 1043 2068 *tt*

337 2116 376 2157 soa
389 2098 540 2164 Permeat
559 2093 766 2184 Artoplulaca
788 2105 902 2184 petens
922 2116 981 2182 per
1002 2103 1093 2183 terga
1115 2092 1262 2160 draconis
1287 2114 1306 2157 r

388 2204 535 2277 Circulus
557 2205 600 2272 ad
621 2204 753 2272 boream
775 2203 952 2294 fulgentem
974 2205 1110 2270 sustinet
1130 2203 1252 2270 Arcton
1276 2228 1295 2271 r

387 2318 521 2406 Sexque
541 2315 623 2405 [ugit
643 2314 761 2382 solidas
783 2338 802 2381 a
823 2314 903 2381 caeli
925 2315 1046 2381 vertice
1068 2324 1185 2404 partes.

387 2426 476 2495 Alter
498 2426 539 2492 ad
562 2428 699 2494 extremi
721 2426 895 2493 decurrens
917 2426 1023 2493 sidera
1046 2425 1173 2506 Cancri,

386 2537 421 2604 ln
446 2560 508 2629 quo
532 2546 736 2603 consummat
757 2534 909 2603 Phoebus
930 2529 1103 2626 lucemque
1125 2557 1321 2626 moramque,

338 2666 378 2708 aar
392 2647 565 2738 Tardaque
587 2669 646 2736 per
667 2644 782 2735 longos
804 2647 986 2714 circumfert
1005 2646 1126 2712 lumina
1146 2645 1262 2728 flexus,

324 3009 359 3066 A.

325 3137 358 3194 S.

324 3264 361 3322 B.

324 3470 360 3526 V.

388 2758 556 2824 Aestivum
577 2756 685 2826 medio
709 2777 828 2824 nomen
849 2758 908 2825 sibi
929 2758 1027 2824 sumit
1048 2756 1087 2823 ab
1110 2764 1218 2840 aestu3

385 3027 411 3066 v.
426 3011 483 3068 565
504 3009 643 3086 Sequitur
660 3018 728 3089 post
746 3009 823 3067 lruuc
842 3027 883 3067 rs.
898 3012 964 3068 612.
1056 3026 1082 3067 r.
1096 3010 1153 3068 569
1173 3008 1313 3065 consumit

384 3155 409 3194 v.
424 3137 481 3195 564
500 3145 531 3195 et
549 3141 586 3197 65
607 3140 710 3195 omisit.

382 3283 408 3319 r.
423 3268 481 3323 560
507 3264 545 3319 Τ.
566 3264 611 3319 rix
630 3271 690 3320 toto
715 3265 862 3339 surgentia
887 3264 984 3323 sidera
1003 3284 1111 3322 mense.
1236 3283 1262 3321 r.
1282 3263 1339 3323 564
1358 3270 1387 3323 et
1406 3264 1444 3323 65
1466 3283 1529 3321 cum

382 3340 460 3399 Scal.
482 3340 584 3396 omisit.
673 3358 699 3396 r.
714 3343 767 3397 571
790 3339 897 3397 Aestiri

382 3487 408 3526 r.
423 3471 480 3526 560
499 3486 572 3524 rers.
594 3485 666 3523 uuus
686 3467 801 3524 excidit.
841 3468 991 3526 Sententia
1008 3468 1190 3547 ereptahaec
1200 3466 1268 3524 fuit:
1279 3485 1315 3525 ne
1327 3469 1439 3535 mirere,
1450 3467 1529 3527 unde

381 3553 461 3601 tanta
480 3563 589 3599 morum
608 3543 795 3602 humanorum
815 3546 938 3601 varietas
959 3548 1003 3613 sit,
1025 3564 1111 3621 quum
1130 3553 1226 3601 tamen
1246 3544 1358 3619 singula
1378 3545 1530 3633 signanper

325 3664 328 3668 .
382 3621 507 3695 integros
527 3638 640 3677 meuses
660 3621 789 3678 incaelo
811 3623 981 3694 consistant;
1007 3622 1059 3680 sed
1087 3641 1157 3678 sena
1181 3639 1353 3697 unoquoque
1380 3621 1427 3678 die
1447 3638 1529 3696 signa

381 3697 527 3773 surgentia
555 3698 718 3754 memineris
748 3729 785 3738 —
815 3700 993 3774 totidemque
1030 3708 1168 3755 nocturno
1206 3707 1336 3775 tempore
1372 3716 1426 3775 per
1459 3715 1527 3754 cae-

381 3774 440 3830 lum
459 3774 615 3830 volitantia.
655 3775 708 3830 Est
728 3776 802 3831 enim
823 3775 941 3831 diurnus
963 3775 1035 3832 caeli
1055 3784 1164 3841 motus,
1191 3776 1231 3830 uti
1251 3793 1361 3830 annuns
1386 3774 1455 3831 solis
1475 3792 1530 3851 per

381 3851 530 3909 zodiacum
550 3870 659 3907 cursus.
738 3870 763 3907 r.
778 3855 832 3910 561
846 3870 909 3926 sqq.
931 3852 1019 3908 Venit
1038 3851 1103 3907 lrinc
1123 3850 1162 3907 ad
1181 3868 1268 3907 zonas
1288 3851 1442 3918 caelestes,
1462 3860 1492 3907 et
1512 3868 1530 3907 a

382 3928 487 3984 circulo
508 3929 614 3983 arctico
634 3928 768 3984 exoritur.
808 3927 869 3984 Sed
890 3947 941 3984 sex
960 3929 1005 3984 rel
1025 3929 1111 3985 etiam
1128 3927 1226 4005 plures
1240 3946 1338 3984 versus
1352 3928 1529 3995 interierunt,

349 4050 354 4057 .
381 4007 483 4078 quibus
502 4004 653 4060 Eudoxum
674 4006 806 4079 sesequi
826 4004 976 4082 professus
997 4015 1073 4072 erat,
1095 4023 1112 4059 a
1132 4023 1189 4079 quo
1209 4013 1284 4061 totus
1304 4003 1478 4060 meridianus
1499 4004 1529 4060 in

379 4089 477 4157 partes
505 4085 543 4137 60
572 4089 633 4137 erat
658 4080 779 4147 divisus,
810 4080 887 4137 unde
913 4100 977 4152 sex,
1005 4082 1042 4138 cf.
1069 4099 1111 4136 vs.
1127 4084 1199 4146 567,
1230 4080 1335 4137 arctico
1358 4080 1527 4136 tribuuntur.

380 4157 522 4215 Namdric
542 4157 627 4214 etiam
648 4156 706 4212 duo
725 4157 810 4224 solia,
832 4159 869 4214 cl'.
893 4177 984 4236 supra
1004 4158 1042 4214 ad
1061 4176 1102 4213 rs.
1117 4161 1188 4223 526,
1210 4156 1337 4213 ordinem
1357 4174 1445 4233 prave
1463 4174 1528 4211 rurr-

380 4243 485 4291 tarant.
523 4253 595 4309 quos
617 4251 713 4290 versus
735 4235 758 4288 si
779 4242 902 4309 quatuor
920 4235 1033 4313 paginis
1055 4236 1107 4291 rite
1136 4233 1281 4300 diviseris,
1306 4232 1414 4290 ridebis
1434 4233 1464 4287 in
1484 4232 1530 4287 al-

379 4319 441 4366 tero
461 4310 532 4365 folio
551 4310 642 4367 luisse
662 4311 709 4377 46,
730 4311 812 4367 alteri
831 4312 955 4386 relinqui
974 4319 1083 4367 tanturn
1103 4315 1150 4369 38.
1191 4309 1317 4376 Accedit,
1336 4307 1529 4384 quadrariae

367 4385 615 4463 interpolationes
643 4405 740 4443 versus
766 4389 822 4444 565
844 4396 872 4443 et
892 4391 948 4443 566
976 4388 1177 4443 contaminant.
1214 4406 1248 4442 ac
1275 4404 1315 4442 vs.
1337 4384 1452 4461 quidem
1472 4387 1528 4443 565

379 4469 456 4517 totus
475 4461 557 4516 fictus
578 4472 623 4518 est
643 4472 672 4520 et
691 4472 811 4542 propter
831 4464 990 4521 orationem
1010 4474 1039 4521 et
1056 4473 1176 4541 propter
1188 4464 1373 4530 sententiam3
1394 4478 1528 4518 namnon

379 4556 433 4614 per
459 4546 554 4611 terga,
579 4538 632 4594 sed
657 4557 710 4615 per
738 4547 826 4617 capnt
851 4539 984 4596 draconis
1015 4548 1093 4596 meat
1123 4540 1254 4595 arcticus.
1301 4539 1405 4613 Neque
1433 4538 1528 4594 minus

327 4643 329 4650 ·
379 4615 476 4671 fictum
498 4631 562 4670 esse
582 4614 692 4670 initium
712 4635 751 4674 rs.
766 4621 832 4675 566.
849 4616 980 4691 ipsa'rcs
1001 4616 1094 4673 docet.
1120 4614 1241 4672 mundos
1260 4630 1380 4671 enecone
1399 4623 1444 4671 est
1463 4613 1529 4670 fini-

326 4707 331 4730 ³
379 4701 447 4758 tor„
467 4689 513 4746 ad*
527 4707 611 4763 quern
634 4708 724 4764 usque
745 4693 866 4749 circulos
887 4694 1009 4749 arcticus
1029 4709 1048 4749 a
1068 4691 1151 4748 stella
1172 4692 1270 4768 palari
1294 4708 1413 4748 exorsos
1434 4690 1529 4749 dedu·

380 4770 466 4835 citur,
492 4766 545 4823 sed
571 4765 681 4823 stabilis
707 4768 763 4825 iam
786 4769 894 4826 dudum
920 4768 988 4827 inde
1014 4771 1050 4826 ab
1076 4766 1198 4825 Eudoxo
1225 4767 1319 4824 sactus
1339 4776 1411 4824 ont..
1459 4773 1464 4780 '
