3700 5609
688 577 792 651 Lrass
814 578 849 653 ll.
893 607 922 656 r.
947 594 1135 657 587-009,

370 756 567 848 Optavitque
587 776 678 823 reum
700 777 838 849 sponsor
859 781 923 825 non
947 780 1043 849 posse
1065 760 1194 843 reverti,

371 866 635 957 sponsoremque
656 889 731 935 reus
752 870 865 951 timuit,
887 893 929 937 ne
951 870 1092 938 solveret
1112 872 1225 961 ipsum.

370 977 498 1066 Perque
520 987 568 1044 tot
589 987 709 1045 aetates
731 978 907 1063 hominum,
930 990 977 1047 tot
998 990 1143 1071 tempora
1166 992 1199 1049 et
1221 1004 1331 1064 annos,

316 1105 357 1147 sm
370 1086 436 1154 Tot
459 1085 541 1153 bella
563 1096 595 1153 et
615 1090 722 1155 varios
744 1091 840 1156 ctiam
862 1090 920 1157 sub
942 1113 1023 1180 pace
1045 1090 1181 1174 labores,

369 1197 480 1282 Quum
500 1195 642 1263 Fortuna
663 1198 759 1265 lidem
782 1192 922 1289 quaerat,
945 1202 1001 1266 vix
1021 1202 1144 1266 invenit
1164 1224 1309 1293 usquam.

367 1307 410 1372 At
433 1315 551 1396 quanta
573 1317 622 1374 est
642 1307 801 1375 scelerum
823 1310 924 1376 moles
948 1331 1006 1398 per
1027 1310 1157 1377 saecula
1177 1322 1301 1394 cuncta,

369 1417 540 1507 Quamque
563 1439 644 1484 onus
666 1419 805 1485 invidiae
825 1442 891 1486 non
914 1416 1098 1486 excusabile
1121 1421 1226 1488 terris!

366 1525 509 1594 Venales
532 1526 573 1594 ad
595 1528 659 1593 lota
680 1537 798 1617 patres,
820 1539 1022 1619 matrumque
1046 1528 1193 1619 sepulcra

783 1684 804 1722 *il*
890 1683 911 1721 a
997 1683 1018 1721 a

311 1745 521 1838 soslmposuit
540 1745 691 1816 Phoebus
713 1757 853 1830 noctem,
876 1757 1042 1839 terrasque
1064 1745 1199 1839 reliquit.

364 1857 451 1944 Quid
471 1856 585 1949 loquar
606 1880 738 1925 eversas
760 1859 856 1925 urbes
879 1869 912 1925 et
933 1859 1058 1949 prodita
1079 1857 1208 1946 templa,

362 1967 406 2034 Et
425 1970 531 2036 varias
552 1970 641 2060 pacis
663 1967 783 2049 clades,
806 1978 838 2035 et
859 1971 960 2036 mixta
981 1992 1116 2051 venena,

361 2078 560 2171 Insidiasque
581 2078 651 2159 lori,
674 2077 855 2167 caedesque
876 2080 909 2144 in
932 2078 1100 2146 moenibus
1121 2078 1208 2169 ipsis,

360 2189 403 2257 Et
424 2189 482 2255 sub
505 2190 663 2256 amicitiae
683 2198 884 2276 grassantem
905 2190 1036 2255 nomine
1056 2188 1206 2256 turbam?

307 2297 397 2367 aoln
418 2297 538 2390 populo
562 2297 666 2365 scelus
690 2308 747 2381 est,
771 2308 807 2365 ct·
825 2298 989 2366 abundant
1009 2308 1127 2365 cuncta
1148 2299 1272 2364 luroris.

359 2410 403 2476 Et
423 2409 471 2475 las
493 2418 590 2499 atquc
611 2408 702 2474 nefas
723 2408 869 2490 mixtum,
889 2408 1043 2499 legesque
1064 2431 1123 2499 per
1143 2408 1230 2497 ipsas

361 2519 473 2586 Saevit
493 2518 666 2607 nequities3
688 2541 809 2607 poenas
832 2520 896 2584 iam
918 2520 1016 2587 noxia
1037 2520 1144 2586 vincit.

359 2628 490 2695 Scilicet
511 2630 543 2693 in
565 2626 672 2694 multis
702 2630 852 2717 quoniam
882 2629 1042 2697 discordia
1070 2631 1168 2720 signis

360 2738 504 2829 Corpora
527 2746 711 2819 nascuntur,
732 2761 798 2827 pax
821 2748 870 2804 est
891 2739 1016 2806 sublata
1038 2762 1097 2830 per
1117 2741 1238 2821 orbem,

303 2868 345 2910 aas
358 2848 402 2917 Et
421 2847 495 2915 fidei
515 2869 624 2914 rarum
645 2848 758 2915 foedus
780 2851 957 2940 paucisque
978 2849 1149 2932 tributum3

357 2960 466 3050 thue
487 2958 546 3025 sibi
567 2958 708 3040 caelum,
736 2958 782 3025 sic
809 2958 903 3025 tellus
929 2956 1061 3025 dissidet
1080 2960 1159 3048 ipsa,

354 3070 460 3159 Atque
477 3067 642 3163 hominum
664 3078 777 3159 gentes
798 3070 926 3136 inimica
949 3078 1035 3135 sorte
1057 3069 1210 3136 feruntur.

419 3179 455 3246 Si
477 3188 585 3245 tamen
608 3188 640 3246 et
661 3189 800 3270 cognata
822 3180 913 3270 cupis
936 3178 1125 3269 dignoscere
1147 3179 1248 3270 signa,

355 3289 448 3375 Quae
469 3289 603 3379 iungant
624 3290 746 3357 animos
770 3297 803 3355 et
823 3290 926 3356 amica
947 3298 1033 3356 sorte
1055 3290 1205 3372 ferantur,

302 3476 322 3521 t.
343 3481 370 3519 v.
385 3465 442 3523 598
463 3463 567 3521 caedes
647 3483 671 3520 v.
686 3467 743 3521 600
761 3465 859 3522 lurore
937 3482 963 3520 r.
978 3467 1033 3522 603
1055 3464 1083 3520 d.
1104 3465 1189 3521 vincit
1266 3482 1291 3522 v.
1306 3464 1363 3523 604
1383 3448 1450 3545 pars
1465 3474 1496 3526 et

347 3559 374 3598 r.
389 3543 445 3599 605
465 3541 604 3619 pacisque
683 3560 708 3598 r.
724 3545 780 3600 608
801 3560 974 3625 cognoscere

302 3662 320 3719 t.
347 3673 374 3717 t.
389 3662 446 3718 592
465 3660 510 3716 Ah
593 3677 619 3717 v.
633 3663 690 3720 593
710 3661 891 3718 excussabile
978 3678 1004 3717 v.
1019 3663 1075 3720 598
1096 3660 1199 3718 caedes
1283 3664 1378 3721 r.6⁰0
1396 3660 1494 3724 furore

343 3754 370 3793 v.
384 3739 440 3795 605
460 3736 598 3815 pacisque

302 3857 321 3913 l.
342 3872 370 3913 v.
384 3859 442 3915 588
461 3856 660 3935 Sponsorique
757 3876 783 3913 v.
801 3861 857 3916 593
878 3857 1023 3925 Quantum
1119 3874 1145 3912 v.
1160 3855 1216 3915 594
1235 3863 1265 3913 et
1283 3857 1320 3915 95
1341 3856 1426 3915 eiicit

342 3951 370 3991 v.
385 3936 442 3990 600
460 3933 558 3992 furore
635 3953 662 3991 r.
677 3938 733 3992 606
752 3936 810 4011 ipsi

302 4052 322 4111 1.
345 4052 442 4109 limine
463 4051 541 4109 Scal.
563 4061 591 4110 et
611 4051 646 4109 B.
668 4052 738 4110 nihil
757 4061 853 4127 agant.
884 4052 974 4119 Puto,
1005 4055 1050 4109 otc
1070 4053 1158 4110 nocta
1178 4051 1330 4109 scribenda
1351 4059 1408 4121 est,
1435 4072 1492 4130 quo

343 4128 458 4203 manni
482 4128 564 4186 furor
589 4130 786 4187 inducebatur.
866 4149 891 4185 v.
907 4133 964 4187 587
985 4147 1092 4261 sponso
1114 4148 1221 4187 omnes.
1299 4148 1324 4185 v.
1339 4132 1396 4188 588
1415 4147 1494 4189 reum

343 4222 453 4262 omnes.
473 4235 512 4246 —-
536 4206 606 4261 Post
629 4225 672 4264 vs.
690 4206 747 4265 594
772 4207 873 4263 iterum
900 4205 989 4280 aliqui
1035 4205 1151 4263 excidit.
1196 4204 1265 4262 Non
1293 4205 1368 4265 enim
1393 4224 1492 4265 versus

344 4279 508 4339 cohaerent.
550 4282 733 4359 Conquestus
762 4282 842 4338 haud
868 4282 953 4339 dabie
973 4290 1061 4358 poeta
1080 4290 1142 4339 erat
1162 4280 1198 4339 de
1219 4281 1309 4339 caede
1328 4281 1392 4339 lolii
1413 4283 1490 4342 Cae-

343 4358 425 4425 saris,
446 4366 619 4435 postquam
639 4368 737 4415 notum
756 4368 808 4424 est,
832 4358 931 4415 Solem
957 4367 1043 4435 caput
1064 4361 1185 4415 obscura
1205 4357 1324 4415 nitidum
1345 4357 1491 4436 ferrugine

340 4436 458 4492 texisse.
536 4453 562 4491 r.
577 4438 634 4493 598
654 4431 805 4510 caedesque
825 4435 861 4491 V.
873 4440 899 4492 1.
911 4440 940 4491 2.
1029 4454 1055 4491 v.
1069 4438 1126 4493 599
1145 4433 1198 4491 strlr
1219 4438 1362 4493 amtotta'oo
1379 4441 1492 4496 notariae

340 4507 421 4567 haud
442 4509 528 4568 dubie
548 4520 712 4587 grassantes
732 4512 893 4568 triumviros
913 4512 1060 4587 intelligit3
1081 4520 1112 4566 ut
1132 4520 1227 4571 autem
1245 4529 1297 4571 eos
1312 4512 1490 4572 tardomro-

341 4588 459 4655 savem,
478 4586 662 4646 vehementer
680 4605 790 4646 vereor.
868 4607 895 4646 v.
908 4591 966 4646 600
985 4587 1097 4660 [morta
1116 4606 1224 4648 omnes.
1302 4609 1327 4646 v.
1343 4594 1399 4648 603
1418 4589 1490 4650 diso.

339 4665 438 4723 vineat
456 4663 493 4720 V.
508 4670 535 4723 1.
546 4669 575 4722 2.
597 4664 632 4722 C.
710 4683 735 4723 v.
750 4664 808 4723 604
824 4682 896 4741 poco
906 4673 936 4723 et
949 4683 1056 4723 omnes.
1070 4683 1142 4723 corr.
1156 4666 1234 4725 Scal.
1312 4685 1338 4724 v.
1360 4670 1415 4727 605
1435 4686 1489 4744 po·

341 4742 438 4819 otaqec
457 4758 567 4801 ornnes.
587 4758 660 4799 corr.
679 4739 716 4799 Β.
