3700 5609
321 580 364 647 72
689 576 796 648 lnam
817 573 854 645 u.
896 601 927 645 v.
951 580 1140 644 oro-ost.

335 770 375 810 σω
387 750 538 841 Lanigeri
559 758 667 841 partus
690 773 764 817 cum
787 758 855 816 toto
878 749 974 838 iunge
999 748 1132 836 trigono.

386 860 568 952 Simplicior
590 870 697 927 tamen
721 869 770 926 est
791 860 892 938 Aries,
915 856 1094 946 meliusque
1114 853 1228 922 Leone

387 972 596 1060 Prosequitur
617 972 742 1061 genitos
765 977 797 1035 et
819 976 861 1048 ιε,
884 967 1056 1049 Centaure,
1078 976 1215 1049 creatos,

386 1083 493 1166 Quam
514 1079 636 1146 colitur.
678 1100 817 1166 namque
841 1085 889 1143 est
911 1086 1025 1142 natura
1047 1079 1153 1144 mitius
1177 1087 1310 1159 astrum,

386 1191 645 1281 Expositumque
667 1212 745 1254 suae
767 1209 883 1267 noxae,
904 1208 966 1252 nec
987 1186 1149 1253 fraudibus
1172 1186 1255 1268 ullis,

334 1320 374 1360 ⁰1⁵
387 1298 459 1367 Nec
480 1302 584 1365 minus
605 1300 735 1387 ingenio
753 1296 842 1362 molli
864 1318 961 1386 quam
984 1318 1119 1386 corpore
1142 1305 1304 1364 constans.

385 1409 449 1475 lllis
472 1419 521 1477 est
542 1409 649 1475 [eritas
672 1409 770 1497 signis
791 1408 997 1497 praedaeque
1020 1406 1148 1495 cupido,

386 1518 577 1608 Venalisque
599 1520 722 1583 animus
744 1541 810 1584 non
831 1538 997 1605 nunquam
1020 1516 1179 1583 excedere
1200 1519 1289 1606 cogit
1314 1509 1331 1596 s

386 1627 625 1694 Commoditate
647 1626 753 1709 iidem,
773 1650 833 1692 nec
856 1625 954 1715 longa
976 1634 1024 1689 cst
1046 1626 1148 1713 gratia
1169 1626 1253 1693 facti.

387 1737 430 1801 At
453 1760 527 1803 cum
548 1734 689 1826 Laniger
710 1738 872 1826 impetitur
895 1734 952 1800 sub
976 1744 1122 1824 utroque,
1143 1737 1268 1825 trigono

337 1864 377 1905 ⁶²0
388 1845 465 1913 Non
488 1848 603 1936 parcit3
625 1848 684 1915 sed
707 1870 778 1913 rara
799 1849 881 1934 gerit
901 1866 959 1934 pro
983 1853 1127 1934 tempore
1150 1844 1243 1927 bella,

388 1956 485 2041 Quod
508 1956 616 2021 [eritas
640 1959 804 2047 utriusque
827 1956 940 2020 animis
963 1953 1159 2021 contendere
1180 1952 1297 2045 cogit⁸

386 2065 465 2131 Plus
489 2074 595 2129 tamen
617 2067 649 2130 in
672 2065 790 2155 duplici
811 2064 1046 2131 numerandum
1069 2074 1119 2132 est
1138 2063 1260 2130 roboris
1282 2090 1365 2148 esse,

388 2174 450 2241 Cui
472 2176 665 2241 commixtus
687 2173 784 2239 homo
809 2184 867 2255 est,
889 2197 985 2263 quam
1009 2184 1050 2256 te,
1072 2175 1226 2256 Nemeac,
1240 2174 1307 2268 suh
1330 2199 1410 2261 uno,

384 2283 505 2351 Idcirco
530 2293 562 2350 et
581 2307 647 2373 pax
670 2294 719 2351 est
739 2286 838 2375 signis
862 2294 894 2352 ει
914 2285 1015 2350 mixta
1037 2284 1177 2373 querela.

335 2412 375 2452 ⁶2⁵
389 2396 475 2479 Quin
498 2396 595 2460 etiam
617 2395 717 2462 Tauri
740 2395 939 2486 Capricorno
961 2396 1103 2483 iungitur
1123 2404 1253 2477 astrum,

385 2504 456 2571 Ncc
478 2504 580 2592 magis
600 2503 728 2569 illorum
751 2514 870 2571 coeunt
892 2504 933 2569 ad
954 2504 1085 2571 foedera
1107 2514 1241 2571 mentes.

383 2613 556 2700 Virgineus
579 2612 675 2678 etiam
697 2623 817 2703 partus,
841 2615 1024 2705 quicunque
1048 2624 1199 2681 creantur

387 2721 507 2803 Tauro,
531 2720 702 2811 complecti
724 2723 866 2813 cupiunt,
887 2724 946 2789 sed
968 2747 1066 2813 saepe
1089 2735 1273 2816 queruntur,

388 2832 545 2922 Quosque
568 2831 688 2898 dabunt
710 2832 841 2915 Chelae,
864 2833 1055 2923 Geminique
1079 2843 1111 2899 et
1132 2834 1291 2924 Aquarius
1314 2846 1401 2924 ortus

334 2942 495 3011 ⁶³⁰Unum
515 2952 630 3031 pectus
652 2942 771 3011 habent
789 2944 926 3035 fideique
948 2942 1111 3010 immobile
1132 2943 1284 3031 vinclum,
1320 3026 1324 3032 ⁵
1353 3029 1356 3034 ‚

386 3052 534 3143 [Magnus
558 3054 617 3119 erit
639 3052 781 3121 Geminis
811 3079 901 3121 amor
931 3064 963 3121 ει
990 3054 1162 3121 concordia
1185 3056 1319 3147 duplex]

384 3161 522 3251 Magnus
546 3171 579 3227 et
598 3163 631 3227 in
652 3161 771 3229 multos
793 3166 901 3230 veniet
923 3186 1093 3230 successus
1116 3162 1246 3233 amicos.
1326 3249 1329 3252 Ι

386 3272 539 3361 Scorpius
562 3272 742 3338 etCancer
764 3274 956 3339 fraternam
979 3274 1108 3340 nomina
1131 3274 1252 3361 ducunt
1301 3359 1302 3362 Ἴ
1333 3303 1339 3363 ζ
1364 3336 1369 3344 .

383 3378 436 3447 Ex
458 3389 561 3448 semet
581 3382 721 3471 genitos3
744 3405 806 3450 uec
828 3406 892 3451 nou
916 3394 949 3449 et
969 3384 1113 3451 Piscibus
1137 3387 1197 3452 orti

321 3573 356 3633 Α.
382 3593 409 3633 v.
424 3579 478 3633 611
500 3579 659 3654 meliorque
757 3601 783 3638 v.
797 3585 852 3641 615
874 3590 986 3640 constat
1083 3602 1107 3641 r.
1122 3587 1178 3644 619
1198 3583 1334 3660 Lanigeri
1352 3596 1452 3664 partus

379 3670 406 3709 v.
421 3656 478 3709 620
496 3656 587 3732 partis
683 3675 709 3713 v.
724 3661 777 3716 621
800 3661 890 3735 magis
910 3680 963 3738 pro
983 3669 1112 3738 tempore
1208 3680 1234 3718 r.
1249 3664 1305 3719 623
1331 3663 1399 3731 Quo
1418 3667 1523 3725 incoru-

379 3730 484 3787 mixtus
563 3750 587 3788 v.
603 3733 661 3790 624
679 3733 700 3790 Ι.
721 3753 781 3813 pax
857 3755 882 3792 v.
898 3741 954 3795 629
976 3736 1030 3793 Ch.
1051 3738 1096 3793 vel
1117 3756 1188 3812 quos
1209 3737 1259 3795 dat
1277 3741 1311 3795 Α.

321 3857 353 3916 S.
382 3876 407 3914 r.
422 3861 479 3916 613
499 3858 567 3927 Qua
643 3877 668 3915 v.
683 3860 740 3919 614
760 3866 822 3919 sine
842 3862 878 3919 fr.
957 3882 983 3921 r.
998 3867 1053 3922 615
1075 3872 1195 3923 constat.
1275 3885 1302 3923 v.
1316 3868 1373 3925 619
1393 3868 1525 3946 Lanigeri

378 3944 462 4012 partu
549 3955 575 3992 v.
590 3939 646 3993 620
665 3939 769 4014 partis:
863 3959 889 3996 v.
904 3944 958 3999 621
980 3942 1072 4017 magis
1092 3961 1145 4017 pro
1164 3950 1297 4020 tempore
1387 3962 1414 4002 v.
1430 3945 1486 4005 624
1503 3947 1524 4004 l.

378 4030 437 4089 pax
513 4032 539 4068 v.
552 4016 609 4072 629
631 4013 684 4070 Ch.
707 4023 735 4071 et
756 4034 827 4091 quos
848 4016 898 4073 dat
917 4019 950 4073 A.
1028 4036 1054 4074 r.
1069 4021 1125 4075 633
1145 4018 1282 4098 Scorpios

317 4138 356 4196 B.
377 4158 403 4196 v.
419 4143 475 4201 615
497 4125 584 4216 quam
603 4140 708 4198 vellere
785 4161 811 4199 v.
827 4147 884 4203 617
904 4155 933 4202 et
952 4145 1077 4203 vendere
1154 4165 1180 4202 v.
1195 4150 1251 4205 619
1265 4146 1303 4204 ad
1312 4151 1347 4204 21
1369 4148 1436 4205 incl.
1456 4168 1524 4228 spu·

378 4217 436 4274 rios
458 4236 522 4275 esse
544 4218 591 4274 ait.
678 4235 704 4273 r.
719 4221 776 4277 629
797 4222 901 4295 gemini
922 4222 1079 4297 chelaeque
1099 4230 1129 4280 et
1148 4240 1194 4299 aq.
1278 4242 1303 4280 v.
1318 4227 1372 4281 631
1395 4227 1487 4283 eiecit.

377 4310 403 4348 v.
416 4297 473 4351 633
492 4294 630 4372 Scorpios

320 4417 357 4476 V.
377 4435 404 4475 v.
418 4421 474 4477 615
495 4427 624 4478 coustant
643 4441 751 4480 omnes.
774 4444 845 4481 corr.
865 4426 901 4482 B.
1024 4444 1048 4482 v.
1062 4430 1117 4486 619
1137 4429 1278 4500 Lanigeri
1294 4434 1398 4503 portos
1418 4450 1525 4489 omnes.

376 4494 440 4570 Ego
461 4499 581 4553 correxi.
658 4518 684 4555 v.
699 4502 756 4557 620
775 4504 844 4559 Nou
862 4505 957 4576 parcit
977 4522 1084 4561 omues.
1162 4521 1187 4559 r.
1203 4505 1257 4560 621
1277 4508 1371 4579 magis
1389 4515 1524 4583 protem

284 4613 294 4626 ,
377 4588 449 4647 pore
468 4571 502 4627 L.
525 4572 560 4627 C.
581 4573 658 4633 V.1.
678 4594 733 4653 pro
752 4581 842 4652 erupto
861 4580 897 4634 V.
914 4583 942 4635 2.
968 4597 1080 4637 uomens
1101 4579 1145 4637 vel
1164 4581 1290 4638 neamus.
1318 4582 1383 4657 Ego
1404 4587 1525 4643 correxi.

380 4666 406 4704 v.
421 4650 477 4706 629
500 4646 603 4706 Gloloe
623 4658 651 4707 et
671 4670 741 4726 quos
760 4652 814 4711 dot
834 4674 941 4714 omnes.
961 4674 1035 4711 corr.
1055 4656 1091 4712 B.
1113 4664 1142 4713 et
1162 4674 1231 4731 ego.¹
1318 4676 1344 4715 r.
1359 4662 1415 4719 631
1435 4662 1528 4735 Deest

361 4721 407 4781 ¹in
428 4724 557 4780 omnibus
577 4723 665 4795 libris,
685 4736 715 4784 et
734 4748 752 4786 a
770 4729 985 4799 Boniueontrio,
1006 4740 1036 4787 ut
1055 4732 1178 4807 ridetur,
1198 4731 1320 4793 effictus.
1394 4791 1397 4796 .
