3700 5609
674 592 780 661 Lronn
800 590 836 659 ll.
879 614 909 660 v.
935 597 1123 659 322-344.

383 766 577 855 Nongentae
600 763 756 856 quadrum
778 773 885 855 partes
908 786 967 852 per
989 761 1092 829 sidora
1114 761 1258 843 reddant,

384 876 510 958 Evenit,
533 886 569 943 ut
590 878 692 965 prima
713 877 795 965 signi
819 875 858 941 de
879 882 971 964 parte
993 874 1117 963 quion's,

385 988 420 1055 Si
442 997 567 1077 partem
589 988 629 1052 ad
650 1010 810 1053 summam
833 986 968 1051 ducatur
989 986 1080 1071 virga
1101 983 1273 1073 sequentis,

331 1114 372 1156 ³²⁶
386 1096 441 1164 Bis
464 1120 644 1186 sexagenas
665 1098 774 1179 iaciat,
798 1097 846 1162 sin
868 1118 993 1163 surnma
1017 1094 1130 1184 prioris

384 1206 427 1273 Et
447 1231 522 1298 pars
545 1209 708 1273 confertur
727 1206 886 1272 subiuncti
907 1204 1018 1295 prima,
1043 1204 1179 1270 duorum

385 1318 559 1408 Signorurn
580 1318 613 1382 in
635 1315 740 1382 medio
763 1338 933 1382 numerum
956 1316 1132 1404 transitque
1154 1314 1330 1404 refertque3

385 1428 530 1519 Triginta
550 1426 692 1517 duplicat
712 1435 829 1516 partes,
850 1448 924 1515 pars
949 1428 1040 1492 tertia
1064 1425 1179 1507 deerit3

383 1536 427 1605 Et
448 1539 594 1629 quamvis
613 1546 762 1627 quartum
785 1560 803 1603 a
827 1546 940 1626 quarto
965 1537 1034 1626 quis
1057 1544 1221 1625 computet
1243 1544 1373 1618 astrum,

332 1647 597 1738 wNaufragium
618 1649 737 1714 facient
757 1656 864 1737 partes
886 1647 980 1712 unius
1002 1648 1035 1712 in
1056 1647 1142 1735 ipsis.

384 1756 460 1826 Nou
481 1760 578 1849 igitur
599 1759 676 1824 satis
701 1769 758 1839 est,
780 1758 878 1847 signis
900 1779 1089 1822 numerasse
1112 1759 1262 1845 trigenas,

385 1867 581 1954 Quadrative
602 1868 698 1934 [idern
721 1867 802 1934 caeli
823 1890 881 1956 per
903 1868 994 1955 signa
1018 1866 1181 1955 quadrata,

385 1978 539 2063 Quadrati
562 1981 589 2046 si
611 1980 692 2045 forte
714 1977 804 2044 voles
828 1976 979 2066 effingere
1001 1978 1146 2057 formam,

386 2088 452 2154 Aur
474 2089 560 2155 trinis
583 2088 710 2178 paribus
733 2088 830 2155 facies
853 2112 928 2155 cum
950 2087 1094 2153 membra
1115 2087 1238 2175 trigoni.

334 2215 374 2256 ³³⁵
387 2197 449 2266 Hic
469 2202 575 2288 poscit
597 2200 739 2290 quintam
761 2209 887 2289 partem
909 2200 1083 2266 centesima
1104 2219 1240 2277 summa,

385 2304 453 2374 Illic
474 2310 587 2376 amittit
610 2309 777 2376 decimam.
821 2311 867 2375 sic
889 2310 1040 2376 convenit
1060 2308 1148 2373 ordo.

385 2416 428 2485 Et
449 2420 647 2509 quiscunque
670 2429 784 2509 quater
804 2421 919 2487 iunctis
942 2421 1030 2486 favet
1051 2415 1186 2506 angulus
1211 2440 1322 2507 usque,

387 2529 543 2618 Quaeque
564 2528 636 2597 loca
657 2531 689 2596 in
712 2530 826 2619 triplici
848 2531 981 2619 signarit
1000 2529 1084 2596 linea
1107 2528 1214 2609 ductu,

385 2639 470 2705 Cum
491 2640 616 2727 signata
637 2642 710 2708 viae
731 2641 853 2731 linquet
875 2640 1040 2729 dispendia
1062 2648 1165 2722 recta;

333 2748 445 2815 ³4⁰His
467 2757 582 2815 natura
604 2749 690 2817 dedit
712 2752 874 2817 communi
895 2751 1025 2818 foedera
1046 2749 1129 2839 lege,

383 2856 483 2949 inque
504 2860 610 2924 vicem
633 2862 764 2928 affectus
788 2872 821 2927 et
841 2870 953 2927 rnutua
973 2862 1043 2926 iura
1064 2860 1191 2926 favoris.

386 2969 548 3054 Quocirca
568 2992 633 3036 non
657 2972 761 3036 omnis
782 2969 880 3038 habet
900 2972 1046 3061 genitura
1070 2969 1200 3058 trigonis

385 3078 577 3165 [Consumet
599 3079 722 3147 ductus.
766 3081 842 3147 licet
864 3103 940 3170 ergo
964 3084 1054 3171 signa
1076 3083 1202 3170 trigona

384 3188 550 3272 Dicantur,
572 3191 670 3280 partis
693 3213 757 3257 non
779 3201 909 3258 servant
929 3190 983 3257 illa
1005 3192 1148 3281 trigonis]

320 3449 355 3507 A.
382 3467 409 3506 v.
424 3454 481 3508 322
501 3452 562 3508 Ter
582 3451 697 3527 triginta
811 3471 837 3508 r.
852 3454 907 3509 325
928 3449 1017 3507 faciet
1036 3467 1089 3505 sna
1202 3470 1227 3507 r.
1243 3452 1300 3509 326
1320 3451 1474 3508 subiunctis

380 3546 405 3584 v.
420 3532 476 3587 328
497 3528 614 3606 duplica
691 3547 717 3584 v.
731 3530 789 3585 332
809 3537 948 3604 quaterna
1008 3545 1032 3582 v.
1047 3529 1104 3583 334
1123 3527 1239 3601 trigonis
1298 3545 1324 3584 r.
1336 3532 1393 3587 337
1413 3530 1522 3587 cunctis

378 3621 404 3661 r.
420 3607 475 3663 339
496 3614 592 3663 rectae
671 3624 698 3662 v.
713 3604 769 3663 340
787 3605 908 3663 foedere
929 3603 1021 3679 legem
1101 3620 1126 3659 r.
1142 3605 1198 3661 342
1217 3606 1345 3682 trigonos

320 3756 353 3813 S.
380 3773 405 3812 r.
421 3759 478 3814 322
497 3758 559 3816 Ter
578 3759 692 3834 triginta
788 3776 813 3814 v.
828 3760 885 3815 327
904 3757 936 3814 S.
957 3756 1084 3815 medium
1190 3775 1215 3814 v.
1230 3762 1287 3815 332
1308 3768 1447 3834 quaterna

378 3849 405 3890 v.
420 3837 477 3893 333
496 3833 561 3891 loca
580 3836 646 3913 trip.
731 3854 758 3891 v.
773 3838 829 3893 339
842 3842 945 3891 ¹tectae
1027 3853 1053 3891 v.
1068 3833 1126 3892 342
1144 3834 1271 3909 trigonus

320 3983 357 4043 B.
385 4003 411 4042 v.
426 3990 483 4046 327
502 3989 532 4044 in
553 3989 663 4064 quadro
750 4006 777 4044 r.
792 3992 845 4045 331
869 3987 963 4061 quinis
983 3991 1182 4066 -trigonum
1265 3992 1360 4049 v.332
1379 3988 1401 4045 f.
1424 3993 1523 4066 quaeri

320 4115 325 4123 .
380 4073 578 4138 -quaterna
673 4084 699 4121 v.
714 4068 771 4122 337
790 4066 902 4121 iunctus
998 4086 1024 4123 v.
1040 4071 1095 4126 339
1118 4067 1152 4122 C.
1175 4073 1288 4121 curvata
1307 4096 1345 4106 —
1365 4074 1461 4125 rectae

379 4158 404 4197 r.
420 4144 476 4198 343
497 4152 526 4200 et
544 4142 583 4199 44
602 4142 677 4200 male
697 4143 790 4219 repeti
810 4159 846 4197 ex
865 4158 907 4197 vs.
919 4145 976 4201 318
997 4152 1026 4201 et
1046 4149 1082 4203 19
1104 4143 1173 4200 vidit
1192 4150 1221 4200 et
1240 4141 1359 4198 induxit.

318 4290 357 4350 V.
379 4310 405 4349 v.
420 4297 477 4351 322
496 4298 551 4351 Per
569 4296 690 4369 trtqtnta
709 4295 746 4351 V.
758 4299 826 4353 1.2.
856 4300 912 4353 Tor·
930 4298 1045 4369 triqtnto
1072 4298 1174 4366 eeteri3
1198 4313 1270 4351 corr.
1291 4293 1327 4351 B.
1425 4314 1451 4353 r.
1466 4301 1522 4355 326

377 4369 531 4428 subiunctis
550 4371 694 4443 confertur
713 4372 750 4429 V.
763 4377 831 4431 1.2.
857 4371 1001 4443 confertur
1020 4372 1173 4430 subiunctis
1192 4371 1226 4427 L.
1240 4371 1277 4428 G.
1291 4372 1326 4428 C.
1348 4392 1421 4430 corr.
1442 4374 1521 4433 Scal.

378 4465 405 4504 v.
419 4451 476 4508 329
496 4456 639 4523 computat
657 4449 695 4506 V.
713 4455 740 4508 1.
756 4454 784 4508 2.
808 4450 841 4506 C.
864 4457 1003 4523 sequente
1022 4450 1133 4516 futuro,
1153 4448 1269 4519 facient,
1289 4450 1485 4508 coniunctivus
1506 4471 1522 4510 e

376 4524 522 4602 Lipsiensi
542 4526 732 4584 assumendus
753 4536 822 4585 erat.
929 4544 953 4582 v.
969 4529 1025 4583 332
1042 4526 1187 4602 quadrata
1206 4525 1242 4581 V.
1256 4530 1323 4587 1.2.
1425 4548 1450 4585 v.
1466 4533 1522 4588 337

377 4604 486 4659 arnosto
506 4621 614 4660 ornnes.
635 4623 707 4660 corr.
728 4602 805 4661 Seni.
922 4621 949 4658 v.
964 4607 1020 4661 339
1045 4610 1123 4660 rocta
1147 4619 1255 4666 ornnes.
1284 4604 1437 4682 dispendia
1457 4606 1522 4683 ipsa

377 4684 454 4735 rocta
472 4690 617 4736 vocantur.
733 4697 757 4735 v.
773 4680 830 4736 342
851 4682 973 4753 trigonoe
992 4679 1028 4735 V.
1040 4684 1067 4736 1.
1079 4684 1106 4736 2.
1129 4680 1163 4736 C.
1185 4680 1271 4736 etiam
1290 4679 1340 4751 L.,
1365 4682 1417 4740 sed
1437 4681 1483 4737 hic
1503 4699 1521 4738 a

379 4772 451 4812 corr.
471 4755 567 4812 fuerat
586 4762 673 4822 recte,
692 4757 823 4829 triyonis.
933 4786 937 4796 ·
