3700 5609
826 610 1019 678 lunam

321 781 439 837 eiurato
459 782 518 861 (se)
540 783 718 841 dextrorsum
740 782 830 851 ltalia,
850 784 900 851 lv,
920 786 986 843 604.

320 875 404 930 sirus
423 885 490 932 sunt
508 878 592 932 orbes
614 893 707 951 aquae
727 887 894 945 commotae,
916 878 952 944 V,
971 876 1039 939 422.

320 967 382 1022 elue
399 999 440 1009 --
460 976 566 1024 aut-
586 987 639 1025 nec
659 998 697 1009 -
717 987 772 1024 nec
790 999 829 1009 -
849 968 939 1037 mul,
959 973 1024 1037 136,
1033 954 1099 1044 sqq.

320 1058 412 1116 solido
432 1060 549 1127 lumina,
569 1060 667 1139 plena,
689 1061 791 1135 quibus
810 1079 866 1117 nee
885 1079 1004 1118 numero
1024 1079 1079 1119 uec
1093 1060 1249 1139 splendore
1263 1059 1419 1136 quidquam
1433 1062 1525 1131 deest,

358 1151 396 1220 V,
416 1156 483 1211 728.

319 1244 433 1302 solutus
453 1263 552 1301 currtrs
572 1254 617 1301 est
637 1244 793 1301 dissolutus
813 1252 843 1301 et
862 1244 984 1302 licenter
1002 1264 1100 1321 vagus,
1120 1246 1142 1318 Ι,
1162 1244 1227 1304 743.

320 1335 425 1393 solutis
442 1340 537 1395 sumis
555 1337 613 1393 Ara
633 1337 713 1404 nitet,
732 1336 752 1393 i.
774 1354 800 1393 e.
822 1353 906 1411 quam
925 1346 1046 1414 propter
1064 1338 1170 1395 bellum
1191 1355 1254 1392 cum
1268 1338 1440 1413 Gigantibus
1452 1341 1524 1418 Jup-

359 1428 436 1505 piter
454 1437 579 1495 voverat,
599 1446 635 1486 ea
654 1429 711 1483 iarn
732 1428 803 1482 votis
823 1427 911 1482 sacris
932 1428 1033 1484 solutis
1053 1430 1133 1496 nitet,
1153 1430 1175 1495 1,
1195 1429 1262 1487 420.

321 1518 430 1576 solvere
447 1528 553 1596 pectus,
575 1521 669 1576 soluto
690 1520 786 1575 annno
805 1519 939 1593 ignavum
960 1520 1063 1587 iacere,
1082 1519 1132 1587 lV,
1153 1521 1219 1579 147.

320 1628 503 1687 somnumque
522 1615 699 1687 animumque
718 1611 871 1677 bibentem,
891 1610 1058 1708 dormientis
1081 1611 1196 1671 haurire
1221 1613 1388 1690 sanguinem
1413 1616 1458 1672 vel
1483 1618 1524 1673 vi·

357 1712 426 1772 tam,
446 1704 483 1773 V,
502 1709 568 1763 307

321 1803 399 1853 cortu
418 1795 472 1852 sub
491 1804 581 1867 sorte,
607 1806 686 1854 certa
705 1796 785 1870 lege,
811 1795 925 1865 Ι,110;
952 1814 1016 1853 sors
1040 1797 1160 1872 negotii,
1186 1807 1318 1864 eventus,
1342 1799 1391 1873 qui
1411 1817 1428 1855 a
1448 1811 1525 1857 sorte

359 1897 389 1943 et
407 1888 472 1963 lege
492 1897 633 1947 astrorum
651 1888 770 1966 pendet,
790 1886 839 1953 lll,
859 1892 911 1957 923
931 1896 1036 1945 sortem
1055 1889 1207 1966 bellumque
1225 1908 1342 1965 gerere,
1367 1890 1435 1948 belli
1460 1910 1524 1948 sor·

359 1990 416 2038 tem
437 1999 547 2056 gerere,
567 1982 604 2049 V,
625 1985 696 2050 3033
716 1979 871 2047 tattaeus,
890 1980 942 2036 tali
962 1981 1082 2049 ratione,
1103 1983 1139 2049 V,
1159 1982 1225 2040 407.

320 2077 434 2151 species,
448 2091 530 2149 vquae
549 2075 579 2130 in
600 2072 699 2130 oculos
718 2072 850 2139 incurrit,
876 2074 1033 2149 opponitur
1050 2075 1198 2151 potentiae
1220 2074 1362 2142 sidemm,
1392 2086 1423 2132 ut
1447 2074 1525 2152 apud

358 2168 523 2223 Lucretium
543 2166 656 2231 rationi,
677 2165 698 2229 l,
717 2167 769 2232 363
788 2164 826 2223 cf,
846 2164 868 2230 l,
888 2168 935 2231 67,
954 2164 1020 2232 450,
1040 2167 1107 2223 466.

320 2257 478 2335 ηιιιίιιιιιῑιι
499 2259 608 2314 comica
628 2255 706 2312 ludis
727 2273 899 2331 componere,
918 2257 937 2312 i.
959 2274 985 2313 e.
1006 2256 1090 2313 ludos
1110 2259 1291 2336 spectaculis,
1311 2258 1347 2326 V,
1366 2259 1434 2317 472.

320 2350 478 2426 speculare,
497 2360 529 2405 nt
546 2357 721 2406 mercatores
741 2347 844 2415 solent,
864 2347 914 2415 lV,
935 2347 1000 2407 168.
1471 2401 1472 2405 ,
1518 2393 1534 2443 g

319 2461 397 2518 agroru
415 2446 496 2501 novis
516 2442 591 2499 louis
609 2441 727 2506 habere,
748 2439 798 2508 lV,
819 2442 884 2497 125.
973 2499 974 2502 ,

319 2553 436 2611 sperum
455 2534 580 2610 aliquem
601 2533 717 2601 oomnis,
738 2529 801 2587 sore
822 2541 853 2587 ut
872 2542 989 2591 catenas
1009 2536 1145 2612 patiatur,
1163 2534 1213 2603 lV,
1233 2533 1281 2592 41.

319 2629 452 2703 spiritus,
472 2629 568 2684 animo
587 2625 695 2692 mundi,
714 2624 765 2692 lV,
781 2628 847 2691 800,
868 2643 903 2681 ac
922 2628 1054 2703 saepius3
1074 2635 1226 2705 praeterea
1245 2645 1358 2684 omnem
1378 2628 1432 2683 vim
1451 2628 1524 2683 aita-

358 2720 414 2777 lem
439 2728 472 2776 et
494 2719 633 2785 animum,
658 2717 677 2773 i.
699 2736 724 2773 e.
751 2725 858 2771 motum
883 2726 978 2784 notat,
1003 2720 1081 2776 velut
1101 2721 1122 2786 l,
1140 2709 1212 2786 142,
1232 2720 1263 2775 in
1283 2718 1383 2775 solidis
1401 2721 1525 2795 splritus

357 2813 442 2879 inest,
462 2820 491 2868 et
512 2814 568 2868 152
587 2810 733 2887 proximus
755 2805 834 2884 (post
854 2804 1013 2883 aetherem)
1033 2813 1157 2885 spiritus
1177 2813 1206 2867 iu
1226 2827 1310 2867 auras
1331 2809 1451 2882 (motum
1470 2814 1523 2866 aii·

356 2901 431 2979 rem)
454 2901 607 2959 descendit
626 2909 655 2957 et
674 2903 772 2956 aerem
793 2897 966 2974 (immotum)
986 2901 1123 2958 extendit.

318 2994 445 3053 studium
463 2993 522 3051 lide
540 2980 693 3059 fraudare,
719 3009 823 3078 passus
846 2993 975 3059 mentiri,
999 3010 1132 3070 campum
1157 3012 1242 3049 cursu
1269 2994 1385 3060 tollere,
1406 3002 1524 3068 argutae

357 3088 516 3145 velocitatis
536 3084 695 3163 hyperbole
715 3092 796 3150 sunt,
821 3101 879 3158 qua
897 3083 992 3160 spatia
1015 3102 1120 3159 magna
1145 3084 1184 3141 ad
1203 3084 1321 3141 nibilum
1348 3084 1525 3159 rediguntur,

344 3179 445 3235 veluti
462 3178 604 3234 Judaeum
625 3176 766 3243 audimus,
787 3194 873 3251 quum
893 3175 1072 3251 horologium
1093 3178 1273 3255 substitisset,
1292 3177 1432 3244 miratum,
1447 3175 1526 3252 qnod

357 3271 437 3326 nullo
457 3280 587 3347 tempore
608 3268 799 3325 adventasset.
820 3268 856 3335 V,
877 3268 943 3325 640.

319 3364 469 3420 stellarum
487 3363 610 3428 nomine,
630 3361 684 3418 sed
703 3380 761 3417 non
780 3377 903 3437 semper,
924 3358 1059 3437 planetae
1079 3360 1285 3435 intelliguntur.

319 3458 477 3529 stringam,
502 3456 521 3512 i.
543 3474 568 3511 e.
598 3453 702 3510 acriter
727 3451 865 3510 definiunt
890 3469 1019 3531 aequora
1043 3460 1148 3510 terram
1171 3452 1197 3520 1,
1222 3456 1292 3522 1633
1322 3451 1388 3506 ltine
1411 3452 1526 3520 stricto,

358 3549 492 3627 opposita
511 3546 654 3603 diffluenti
674 3554 704 3604 et
723 3545 799 3612 laxo,
819 3561 942 3601 nervosa
962 3562 1095 3620 quaeque
1115 3553 1275 3613 vocantur,
1287 3553 1317 3600 ut
1337 3552 1402 3599 sunt
1420 3546 1525 3602 stricto
1623 3574 1625 3578 ·

314 3623 321 3638 ’
358 3660 460 3698 canum
485 3640 577 3697 latera
603 3637 682 3716 apud
707 3638 852 3707 Gratium;
878 3637 967 3704 velut,
986 3638 1108 3694 strictos
1127 3636 1249 3713 pondere
1266 3644 1391 3703 mentes,
1406 3635 1432 3703 ⁴1,
1452 3640 1525 3707 7713

356 3733 455 3790 stricti
474 3732 561 3789 cordo
584 3731 715 3795 Gotones,
733 3729 769 3796 V,
791 3733 856 3787 106.

320 3824 358 3880 ad
378 3822 502 3880 studium
520 3821 666 3876 literarum
686 3837 780 3875 mores
800 3819 888 3885 ducit,
907 3820 958 3886 lV,
978 3822 1044 3877 191.

320 3913 514 3991 stupefactus,
539 3909 761 3986 supramodum
781 3909 887 3977 elatus,
906 3909 1111 3987 paedagogus,
1136 3908 1204 3965 darm
1229 3908 1335 3964 domini
1354 3914 1526 3986 praetextati

359 4007 504 4065 doutiuum
524 4005 595 4077 ogit,
615 4002 702 4058 hac
695 4002 814 4075 rutupina
835 4000 910 4057 iuris
935 4000 1074 4078 deceptus
1101 4018 1196 4058 verum
1221 4021 1253 4060 se
1279 4000 1430 4102 dominum
1449 4004 1525 4061 arbi-

357 4108 458 4167 tratur,
478 4097 514 4163 V,
533 4096 601 4153 458.

319 4201 422 4269 stupro
441 4190 568 4248 locorum
587 4187 754 4255 fratremn.
775 4207 801 4245 e.
822 4187 913 4264 stupri
933 4185 1037 4263 pretio,
1065 4202 1162 4241 amore
1181 4184 1292 4240 Iasonis
1316 4183 1471 4243 dissectum
1496 4198 1527 4246 et
1566 4262 1569 4266 Ἰ

358 4304 412 4362 per
430 4302 509 4339 mare
528 4300 671 4357 sparsum,
692 4281 739 4348 ΙΙΙ,
762 4285 809 4339 10.

320 4395 374 4434 suu
394 4375 491 4433 sidera
511 4382 625 4431 servant
644 4393 744 4430 cursus
765 4372 936 4450 dispositos;
956 4369 975 4425 i.
997 4388 1023 4426 e.
1045 4387 1112 4425 suos
1133 4386 1242 4435 cursus,
1262 4368 1297 4436 ll,
1316 4374 1368 4441 723
1398 4380 1526 4431 ausuum

357 4476 512 4545 parentem,
535 4464 693 4543 (mundum,
714 4463 813 4539 deum)
834 4481 903 4541 pora
921 4480 986 4531 suo,
1004 4462 1199 4537 perspicimus,
1220 4462 1287 4536 quia
1305 4465 1442 4541 propriae
1465 4468 1526 4523 eius

360 4561 407 4618 dei
426 4571 523 4638 partes
543 4561 599 4638 ipsi
619 4578 730 4629 surnus;
749 4558 798 4625 IV,
818 4559 885 4615 885.
924 4572 1016 4611 eruo
1036 4561 1131 4610 aratro
1152 4552 1274 4610 dictator
1293 4556 1384 4626 venit;
1404 4558 1423 4614 i.
1444 4575 1471 4615 e.
1490 4574 1526 4613 ex

360 4661 454 4709 aratro
474 4654 545 4722 eius,
566 4653 667 4719 Τιιιιιί,
687 4652 732 4708 cui
753 4659 878 4707 aratrum
897 4652 983 4705 e'uum
1004 4656 1035 4704 et
1052 4645 1201 4723 proprium
1220 4655 1274 4703 est.

321 4744 388 4812 sub,
410 4752 439 4799 ut
459 4745 533 4802 aliae
553 4746 800 4822 praepositiones,
827 4742 898 4800 mira
923 4740 1062 4797 uarietate
1087 4738 1150 4794 loco
1176 4739 1296 4804 aliarum
1318 4738 1445 4807 veniunt;
1474 4735 1526 4793 sub
