3700 5609
703 633 808 703 Linou
828 632 864 702 ll.
909 657 940 703 v.
964 626 1156 706 850-877.

394 803 529 896 Singula
552 816 585 873 et
606 808 766 897 accipiunt
787 808 888 889 sires,
921 805 1078 899 caeloque
1109 806 1296 875 remittunt.'

338 934 382 977 860
393 917 505 984 Vincit
526 918 612 984 enim
634 918 776 1009 positura
798 940 912 1007 genus,
934 918 1089 1009 legesque
1110 917 1268 984 ministrat

392 1026 524 1094 Finibus
545 1029 578 1095 in
600 1027 745 1118 propriis,
769 1039 801 1096 et
822 1030 1058 1120 praetereuntia
1080 1030 1167 1119 cogit

393 1136 474 1204 Esse
495 1140 544 1205 sui
566 1140 680 1221 moris,
706 1141 794 1207 vario
823 1163 910 1208 nunc
937 1140 1026 1206 dives
1049 1137 1181 1220 honore,

392 1247 490 1316 Nunc
512 1248 626 1316 sterilis
649 1272 852 1341 poenamque
875 1274 987 1318 serens
1007 1251 1041 1315 in
1064 1249 1167 1316 sidera
1190 1248 1285 1316 sedis.

396 1359 490 1445 Quae
518 1382 615 1451 super
643 1371 792 1448 exortum
823 1370 872 1427 est
894 1384 913 1427 a
936 1382 1061 1427 summo
1092 1360 1183 1426 tertia
1211 1358 1313 1440 caelo,

338 1488 381 1529 ⁸¹2⁶
394 1466 512 1537 lnielir.
529 1471 630 1561 regio,
652 1471 813 1562 rebusque
834 1472 962 1538 inimica
985 1471 1107 1553 futuris,

392 1580 434 1648 Et
455 1582 532 1649 vitio
554 1581 691 1649 fecunda
712 1583 822 1664 nirnis3
844 1604 906 1648 nec
929 1580 1006 1663 solu,
1029 1579 1086 1646 sed
1107 1580 1151 1648 illi

391 1693 458 1760 Par
480 1694 548 1776 erit,
570 1693 706 1760 adverso
729 1715 812 1783 quae
834 1690 936 1781 fulget
957 1691 1061 1758 sidere
1084 1689 1178 1758 sedes

390 1799 503 1870 Iuncta
524 1802 583 1869 sub
606 1824 741 1885 occasu3
765 1803 833 1868 sine
854 1802 1007 1892 praestito
1028 1801 1158 1868 cardine
1179 1800 1292 1868 mundi

389 1912 535 2003 Utraque
556 1921 723 2001 praetenta
743 1913 845 1979 fertur
867 1909 990 1978 deiecta
1012 1915 1118 1995 ruina;

336 2023 492 2090 enPoru
514 2022 631 2089 laboris
654 2023 730 2105 erit3
754 2020 973 2089 scandendum
997 2030 1046 2088 est
1067 2032 1164 2113 atque
1186 2024 1377 2091 cadendum.

388 2134 461 2202 Nec
483 2133 597 2200 melior
618 2157 717 2224 super
737 2155 882 2216 occasus,
904 2142 1081 2223 contraque
1101 2132 1162 2201 sub
1184 2143 1257 2201 ortu

390 2245 470 2312 Sors
493 2244 597 2333 agitur
618 2243 738 2311 mundi.
781 2266 940 2336 praeceps
961 2240 1051 2324 haec,
1072 2241 1127 2309 illa
1149 2265 1289 2336 superne

389 2353 542 2420 Pendens
564 2362 620 2421 aut
639 2354 754 2421 metuit
775 2355 880 2421 vicino
904 2352 1033 2420 cardine
1054 2351 1160 2437 finem,

388 2463 455 2531 Aut
476 2464 621 2531 fraudata
644 2464 746 2531 cadet.
789 2464 902 2531 Merito
924 2460 1092 2554 Typhonis
1113 2462 1271 2533 habentur

335 2591 376 2632 ⁸⁷⁵
390 2572 579 2642 Horrendae
603 2575 707 2657 sedes,
730 2570 826 2664 quem
848 2571 959 2639 'lellus
983 2595 1080 2640 saeva
1102 2574 1243 2665 profudit

389 2684 498 2771 Quum
520 2685 640 2755 bellum
662 2685 752 2753 caelo
774 2684 907 2775 peperit,
930 2706 990 2751 nec
1013 2683 1115 2751 matre
1135 2686 1276 2752 minmes

388 2793 587 2865 Exstiterunt
607 2806 727 2888 partus.
771 2796 827 2863 sed
850 2794 982 2860 fulmine
1004 2816 1114 2860 rursus
1136 2796 1168 2861 in
1192 2795 1291 2861 altum

319 3038 355 3094 A.
382 3054 408 3094 r.
422 3040 480 3095 860
499 3046 601 3095 nanim
677 3056 704 3095 v.
718 3040 775 3097 863
795 3035 918 3093 ferentia
929 3032 983 3089 sid.
1063 3051 1088 3090 v.
1103 3033 1160 3091 864
1170 3032 1266 3092 sidere
1276 3052 1302 3093 c.
1361 3038 1529 3095 88681180

379 3121 510 3192 praestet
604 3133 630 3171 v.
645 3119 701 3175 869
720 3112 877 3192 praeterita
974 3129 999 3167 v.
1014 3112 1070 3169 870
1091 3109 1164 3169 Orta
1261 3131 1285 3170 r.
1299 3115 1355 3175 871
1376 3132 1482 3173 occasu

381 3208 408 3247 v.
422 3194 480 3249 872
499 3210 625 3270 superna
700 3211 726 3249 v.
741 3194 798 3250 877
816 3187 985 3247 Exstiterint

320 3318 355 3377 S.
382 3336 408 3375 v.
423 3321 480 3377 860
498 3327 601 3376 natura
677 3337 703 3376 v.
718 3324 775 3378 863
787 3317 910 3376 ferentia
923 3316 978 3375 sid.
992 3347 1029 3359 -
1044 3318 1147 3375 saeclis
1224 3335 1250 3377 r.
1264 3320 1321 3381 868
1334 3337 1392 3379 neu
1401 3328 1530 3400 praestet

380 3414 407 3455 V·
421 3400 478 3460 869
497 3397 540 3455 Ut
559 3413 633 3472 quae
652 3396 809 3474 praeterita
887 3413 911 3451 r.
928 3398 982 3453 871
1004 3414 1138 3452 oceasum

319 3521 358 3584 B.
380 3542 406 3582 r.
420 3528 476 3586 859
496 3523 629 3599 ultroque
705 3542 732 3581 r.
746 3526 803 3582 860
821 3531 924 3579 natura
1006 3540 1032 3580 v.
1047 3525 1104 3581 862
1124 3524 1194 3583 ditia
1287 3543 1314 3586 r.
1328 3530 1385 3588 863
1403 3543 1529 3605 poenam

380 3601 591 3737 qefgzntffium
631 3619 657 3659 r.
671 3603 728 3660 868
748 3600 902 3678 proscribit
1005 3617 1030 3658 r.
1045 3603 1101 3659 875
1122 3602 1266 3662 Horrendi
1364 3622 1392 3665 v.
1407 3607 1463 3665 876
1481 3606 1541 3669 rix,

319 3801 359 3865 V.
380 3823 407 3863 v.
414 3808 470 3866 859
483 3804 626 3883 aaronque
634 3809 727 3865 remit.
738 3805 775 3864 V.
786 3810 815 3863 2.
831 3836 869 3847 -
877 3803 949 3877 forr.
965 3801 1136 3881 qoodroqae.
1177 3824 1202 3865 v.
1213 3812 1271 3868 860
1285 3811 1405 3867 Natura
1416 3825 1526 3865 omnes.

340 3893 343 3900 '
379 3881 443 3959 ligo
463 3884 582 3952 correxi,
602 3884 744 3941 sententia
762 3885 887 3940 iubente.
965 3899 991 3939 v.
1006 3883 1063 3938 863
1081 3880 1203 3953 ferentia
1222 3885 1316 3945 melma
1336 3903 1443 3942 omnes.
1463 3884 1527 3961 Ego

379 3962 500 4017 correxi.
540 3960 585 4018 ad
604 3960 753 4039 positurae
775 3961 829 4016 rim
849 3959 945 4015 omnia
965 3957 1136 4017 reseruntur.
1156 3991 1194 4001 —-
1213 3962 1316 4019 coculis
1337 3961 1416 4040 (pro,
1435 3958 1526 4030 red-io)

354 4045 356 4052 '
380 4055 418 4095 ex
435 4037 656 4116 interpolatione
678 4035 715 4093 G.
793 4055 819 4092 v.
833 4040 891 4094 868
909 4053 965 4092 aaa
984 4041 1109 4109 proceret
1127 4055 1235 4096 omnes.
1255 4037 1438 4115 sedproeetit
1450 4038 1486 4096 V.
1497 4041 1527 4096 2.

376 4114 441 4191 Ego
460 4115 581 4172 correxi.
607 4118 713 4172 [arneto
738 4112 779 4170 illi
807 4111 892 4171 sedes
913 4120 971 4179 est,
997 4113 1065 4186 quin
1090 4132 1125 4170 ex
1151 4114 1291 4173 diametro
1317 4116 1469 4207 opposita,
1495 4123 1527 4171 ut

378 4192 473 4248 omnia
492 4192 650 4258 contraria,
674 4208 774 4268 parem
798 4189 887 4246 habet
910 4190 1066 4265 potentiam
1091 4191 1215 4249 nocendi
1234 4192 1394 4249 iuvandrre.
1433 4192 1526 4251 Plane

377 4267 481 4326 eodem
499 4268 588 4325 modo
607 4268 637 4324 iu
655 4269 785 4343 proxime
804 4266 989 4340 sequentibus
1009 4265 1143 4340 loquitur.
1189 4270 1307 4325 Dotem
1327 4277 1525 4339 convocetur,

378 4344 520 4402 Firmicus
541 4344 640 4412 docet,
664 4344 771 4411 11,20.
816 4341 947 4399 Recidere
965 4348 1091 4416 quotuor
1111 4343 1176 4402 loco
1198 4347 1281 4418 ruyro
1299 4350 1326 4401 et
1344 4343 1449 4403 deicolo
1468 4364 1528 4403 cese

377 4417 524 4492 dieantur,
544 4419 618 4498 qaod
635 4420 717 4477 nullo
737 4437 799 4477 aunt
817 4418 972 4493 leoroooopo
994 4418 1095 4493 (cordo
1115 4419 1214 4477 muudi
1232 4420 1342 4477 Manilii
1358 4423 1415 4492 est)
1434 4426 1525 4479 coeto-

375 4505 439 4555 ωτι
462 4502 626 4574 trapeam.
652 4498 736 4553 ·Hoe
761 4504 806 4553 est
830 4497 891 4551 eino
913 4498 1048 4570 praestito
1074 4495 1193 4554 cordiae.
1231 4499 1358 4573 Utroque
1377 4504 1526 4573 praetento

320 4597 351 4617 ··
379 4593 488 4633 omues.
507 4575 626 4633 reduxit·
641 4575 677 4633 B.
755 4591 781 4629 r.
796 4575 854 4630 870
875 4573 947 4629 orta
967 4570 1074 4629 loboris
1093 4589 1207 4643 omues;
1231 4574 1287 4632 nisi
1328 4574 1386 4631 uod
1408 4573 1471 4632 Ocu
1488 4575 1525 4630 G.

379 4669 454 4732 corr.
474 4651 553 4710 Seal.
612 4669 657 4711 r.
672 4656 729 4711 871·
743 4659 862 4726 1οικοιοιιο
879 4663 989 4705 omnes.
1067 4665 1093 4705 v.
1109 4652 1166 4707 872
1186 4653 1288 4727 supino
1306 4592 1343 4708 ll.
1355 4653 1383 4709 2.
1404 4667 1527 4727 nuperae

320 4751 339 4772 -·
374 4729 477 4787 ceteri.
497 4732 732 4804 obsecutos-sum
743 4725 837 4810 Sealq
857 4724 909 4783 sed
928 4732 1025 4803 potest
1044 4741 1075 4781 se
1089 4727 1163 4783 tueri
1175 4727 1373 4786 adiectirum
1431 4725 1527 4785 nera

375 4802 498 4880 fraudat
514 4805 759 4874 mort-V0'2.·²··
808 4819 835 4864 r.
848 4805 906 4864 877
926 4801 1320 4866 namnum-annerum.
1339 4802 1419 4862 soal.

1233 4906 1283 4971 0.
