3700 5609
1421 524 1434 562 b

820 565 1027 646 innixi
1460 582 1522 651 201

360 756 453 833 ipsam
471 753 591 831 figuram
610 772 697 811 ausus
715 752 858 811 interdum
877 771 942 810 esse
962 750 1083 820 videtur,
1105 752 1184 829 quod
1199 761 1352 831 praeterea
1371 774 1429 813 non
1448 763 1526 817 esset

360 846 467 905 ansusi
506 849 583 905 Nam
603 849 647 905 vel
666 848 738 904 binis
759 846 848 903 literis
867 832 973 903 ludere'
988 850 1105 923 poetam
1125 848 1225 923 paucis
1245 850 1389 924 probabo:
1413 848 1525 925 Exiguo

360 940 494 998 dirimens
519 940 641 999 solidam
665 938 826 996 discrimine
852 956 1007 1008 summam3
1035 957 1145 1013 perque
1168 940 1257 1013 patris
1276 941 1526 1018 pater'Augustns

359 1036 481 1110 uestigia
499 1036 574 1092 eicit.
614 1033 734 1091 Publica
752 1031 897 1089 succensis
918 1040 1094 1106 peraguntur
1112 1032 1173 1089 sata
1192 1032 1344 1110 sepulcris.

321 1125 438 1184 adarnla
457 1129 605 1185 moenibus
625 1144 704 1183 arma
724 1134 773 1181 aut
792 1133 857 1182 sunt
875 1133 955 1180 mota
975 1124 1014 1180 ad
1032 1127 1146 1187 moenia
1166 1143 1258 1194 arma,
1286 1135 1336 1184 aut
1354 1127 1395 1184 ita
1415 1126 1526 1197 dicitur,

361 1230 391 1276 nt
412 1220 557 1278 admoveri
577 1220 662 1277 alicui
680 1218 771 1286 laces,
791 1219 882 1292 ignes,
897 1225 1037 1273 tormenta
1053 1217 1187 1274 dicuntur
1193 1238 1201 1289 ;
1222 1220 1301 1296 quod
1314 1230 1409 1278 tamen
1422 1220 1461 1278 ad
1479 1238 1526 1278 res

359 1313 478 1371 bellicas
498 1332 554 1370 nnn
574 1314 648 1371 solet
666 1311 825 1378 transferri,
845 1310 895 1377 lV,
916 1313 962 1367 37.

320 1405 467 1464 ndnrovere
485 1410 582 1464 Jnvnm
604 1409 703 1474 terrim
722 1405 799 1461 Jovis
818 1404 902 1459 Elicii
922 1422 1031 1461 memor
1049 1399 1145 1472 inerit,
1166 1405 1202 1472 V,
1222 1404 1269 1464 94.

321 1497 452 1555 adserere
469 1501 543 1557 vires
564 1502 593 1557 in
613 1500 709 1575 aliquo
729 1497 804 1563 loco,
825 1498 844 1553 i.
865 1515 892 1553 e.
913 1513 1055 1565 exserere,
1075 1516 1217 1575 promere,
1236 1497 1286 1567 lV,
1308 1503 1375 1559 700.

321 1590 444 1649 adversa
461 1596 551 1665 snam,
571 1593 589 1649 i.
610 1611 636 1650 e.
657 1611 689 1648 se
710 1590 860 1647 advertens
882 1589 969 1657 sonis,
989 1589 1074 1647 turba
1091 1590 1129 1657 ll,
1149 1589 1216 1647 147.

322 1683 433 1742 aduersi
452 1685 599 1742 stellarum
618 1702 727 1751 cursus,
747 1684 766 1740 i.
787 1701 814 1740 e.
834 1682 979 1759 planetae,
998 1683 1022 1754 Ι,
1043 1686 1090 1751 15,
1110 1685 1166 1742 259
1188 1701 1222 1739 ac
1241 1685 1367 1762 saepius.

321 1775 440 1835 030000
459 1779 477 1833 i.
499 1796 525 1835 e.
546 1798 583 1837 ex
602 1778 739 1845 adverso,
760 1796 811 1834 seu
833 1776 968 1832 adversas
989 1784 1086 1852 partes
1108 1784 1220 1844 secuta,
1246 1777 1401 1848 hostiliter,
1427 1778 1526 1855 Aqua-

360 1873 433 1926 rium
451 1871 530 1929 fovet
548 1872 628 1939 luno,
649 1873 667 1929 i.
688 1890 714 1928 e.
735 1870 805 1936 odit,
824 1868 860 1935 ll,
879 1868 947 1925 446.

323 1966 579 2039 nequeuntibus,
601 1965 740 2032 absolute,
760 1964 782 2031 1,
803 1966 869 2021 336.

322 2062 428 2134 aequis
449 2061 468 2117 i.
489 2078 515 2116 e.
537 2059 704 2138 aequalibus
724 2059 862 2137 partibus,
886 2053 977 2112 divisa
997 2055 1079 2130 signa
1097 2053 1134 2121 ll,
1154 2054 1220 2112 214.

400 2153 543 2227 ingenium
564 2152 602 2210 ad
621 2153 678 2208 iras
699 2161 728 2209 et
746 2151 849 2208 faciles
869 2157 1002 2225 receptus
1022 2146 1154 2221 aequale,
1179 2148 1198 2204 i.
1219 2167 1246 2206 e.
1275 2167 1369 2225 aeque
1396 2158 1529 2229 paratum

362 2245 400 2302 ad
419 2246 599 2303 irascendum
620 2254 649 2303 et
668 2245 707 2301 ad
725 2241 931 2319 ignoscendum
951 2240 1001 2307 lV,
1021 2244 1087 2297 187.

400 2340 499 2417 spatiis
520 2341 637 2417 paribus
657 2337 799 2413 nequalia,
819 2338 838 2393 i.
860 2355 886 2394 e.
907 2342 1077 2409 exaequata,
1098 2333 1180 2408 signa
1197 2334 1248 2402 ΙΙΙ,
1267 2338 1335 2393 220.

323 2451 467 2509 munera,
487 2430 635 2488 imbrifera
653 2430 737 2505 signa
754 2429 791 2497 ΙΙ,
811 2428 876 2487 194.

271 2557 273 2570 ·
325 2525 430 2594 aether,
450 2527 528 2582 aeris
549 2525 720 2582 elementum
740 2523 760 2591 Ι,
774 2524 840 2591 489,
861 2530 890 2579 et
910 2522 1041 2599 saepius;
1062 2520 1220 2596 similisque
1240 2521 1357 2579 lieentia
1376 2521 1406 2579 in
1426 2522 1529 2581 ceteris

270 2665 275 2688 ,
361 2619 517 2687 elementis,
538 2628 654 2676 anctore
674 2618 819 2675 Lucretio.

270 2693 273 2705 ⁶
323 2711 467 2770 actitemus
485 2731 581 2780 nurse,
601 2711 708 2779 aether,
727 2711 748 2778 Ι,
770 2711 838 2780 149;
859 2717 957 2766 tenues
976 2726 1072 2776 aurae,
1093 2712 1154 2775 a'er,
1175 2710 1240 2767 152.

322 2824 405 2879 agere
425 2815 502 2861 ortus
522 2805 638 2862 occasui
658 2805 774 2870 vicinos,
793 2804 812 2858 i.
832 2821 858 2859 e.
882 2801 947 2857 vehi
967 2819 1050 2856 cursu
1070 2800 1246 2866 brevissimo,
1265 2799 1289 2867 I,
1309 2803 1375 2857 827.

271 2929 273 2935 ·
322 2899 412 2974 agiles
429 2907 523 2955 metae
543 2904 610 2953 sunt
627 2903 721 2952 metae
732 2894 843 2951 Phoebi
863 2893 957 2968 agilis,
977 2893 996 2949 i.
1018 2911 1044 2949 e.
1066 2911 1179 2949 cursum
1198 2910 1309 2949 sursum
1328 2892 1463 2951 deorsum
1481 2893 1528 2953 fe·

362 2992 501 3060 stinantis,
522 2992 544 3059 l,
565 2994 631 3049 199.

322 3104 473 3161 apansccre
491 3085 634 3141 dominam
654 3083 689 3150 ll,
709 3084 775 3140 913.

321 3183 413 3255 alapis
431 3178 502 3248 altu,
523 3178 616 3245 altius,
637 3174 776 3234 recedunt
795 3171 900 3241 sidera,
919 3171 943 3241 Ι,
964 3170 1030 3231 394.

321 3280 354 3333 in
373 3273 447 3341 ulus,
467 3274 486 3329 i.
507 3291 533 3329 e.
553 3272 582 3327 in
603 3270 673 3350 ipsis
693 3268 849 3326 visceribus
869 3264 991 3333 scrutari
1010 3262 1155 3331 mundum,
1175 3263 1225 3332 lV,
1246 3268 1312 3324 909.

323 3366 472 3441 narbipuns
491 3373 584 3423 terrae
605 3375 634 3423 et
654 3362 737 3421 undis
751 3360 786 3429 ll,
800 3364 871 3430 2313
891 3358 996 3415 viribus
1017 3357 1188 3432 ambiguum,
1207 3355 1242 3425 H,
1256 3362 1311 3416 903
1327 3356 1406 3434 (nam
1420 3379 1530 3419 comma

363 3457 548 3535 delendum);
569 3460 717 3534 ambiguus
739 3463 833 3512 terrae
852 3453 1016 3532 pelagoque
1037 3451 1074 3521 V,
1094 3451 1168 3524 4193
1193 3451 1355 3527 ambiguum
1375 3459 1528 3532 terraeque

361 3553 505 3628 marisque
525 3551 574 3620 IV,
597 3553 662 3610 795.
1514 3533 1516 3538 ’

322 3646 455 3715 ambitus,
475 3648 494 3702 i.
516 3667 542 3704 e.
563 3655 656 3705 motus
677 3646 753 3702 circa
773 3652 877 3702 terram
898 3649 1046 3708 astrorum,
1066 3640 1102 3708 ll,
1122 3643 1169 3697 70.

321 3744 438 3801 uniusne
458 3741 497 3796 vis
519 3739 622 3807 divina,
644 3737 755 3795 divinus
776 3735 886 3802 aether,
905 3734 1043 3790 mnndum
1061 3735 1151 3808 regit3
1170 3751 1236 3790 nam
1257 3734 1352 3791 aalma
1371 3741 1417 3791 est
1429 3732 1529 3793 aether

361 3843 463 3900 motus,
483 3835 524 3889 vis
545 3833 648 3899 vitalis,
668 3840 717 3887 aut
736 3834 789 3886 aer
807 3835 909 3894 motus,
930 3826 1056 3904 spiritus,
1075 3825 1097 3895 l,
1118 3827 1184 3883 250.

322 3945 436 3988 annosa
456 3927 514 3981 vita
533 3924 611 3981 molli
632 3931 758 3988 senecta,
776 3923 800 3990 l,
822 3923 887 3979 115.
1039 3918 1044 3923 ’

322 4023 457 4098 aperiunt
478 4020 539 4074 vias
560 4015 695 4073 sublimes
716 4015 759 4094 (in
779 4012 914 4089 sublime)
936 4012 1032 4070 sidera
1052 4013 1126 4089 ipsa,
1147 4011 1214 4087 quia
1234 4010 1412 4070 divinarunt
1432 4031 1466 4071 ac
1484 4015 1527 4071 vi-

360 4121 437 4181 vunt,
457 4112 478 4179 Ι,
499 4115 546 4168 32.

322 4210 480 4267 arcessitur
501 4207 577 4262 orbis
596 4204 701 4273 ventis3
720 4203 790 4260 velis
811 4199 955 4258 advehunt
974 4216 1084 4256 merces
1105 4199 1270 4275 omnigenas
1290 4201 1328 4270 V,
1347 4202 1394 4260 56.

321 4299 491 4369 Arsbuismi,
512 4299 636 4376 clepere,
656 4299 751 4368 1,27;
779 4297 871 4361 itiner,
890 4294 912 4360 l,
933 4296 985 4362 88;
1017 4292 1144 4359 cludere,
1169 4293 1191 4361 l,
1210 4293 1279 4363 274,
1297 4297 1369 4366 365;
1388 4294 1442 4368 lV,
1460 4295 1526 4367 472,

361 4395 433 4462 476,
454 4393 646 4463 ollis,1,l27;
666 4392 766 4470 apisci,
778 4389 828 4458 lll,
843 4387 914 4458 146,
936 4385 984 4442 diu
997 4386 1017 4443 i.
1031 4405 1057 4444 e.
1073 4386 1128 4454 die,
1141 4386 1192 4456 lV,
1206 4390 1276 4460 823,
1294 4387 1400 4467 Nepai,
1412 4390 1448 4460 V,
1458 4393 1526 4450 340.

322 4504 420 4554 arena,
438 4487 566 4565 Philippi
586 4486 726 4552 dicuntur,
744 4483 767 4552 Ι,
787 4488 854 4542 910.

321 4598 435 4640 ararem
466 4589 597 4658 pontum,
628 4580 714 4635 armis
735 4579 891 4645 instruere,
920 4593 979 4631 nnn
999 4582 1029 4631 ut
1048 4573 1126 4632 bella
1144 4582 1238 4651 gerat,
1268 4574 1321 4633 sed
1340 4584 1372 4633 ut
1390 4578 1526 4655 patiatur,

362 4672 398 4739 V,
419 4674 484 4728 661.

320 4765 421 4826 matris
440 4767 492 4823 sub
512 4768 608 4837 amnis,
627 4765 649 4835 l,
669 4769 735 4836 797,
756 4764 793 4823 cs.
812 4762 947 4823 Wernsd.
966 4751 1026 4821 ΡΡ.
1043 4761 1116 4821 llll.
1137 4762 1223 4822 Tam.
1235 4763 1271 4831 ll,
1291 4781 1321 4840 p.
1332 4760 1399 4822 314.
