3700 5609
330 581 392 663 154
686 587 793 667 Lusa
813 594 867 667 lv.
911 621 943 665 v.
967 601 1157 665 740400.

392 765 434 832 Et
455 768 548 834 certis
571 745 730 859 descripta
751 771 853 838 nitent
873 767 1056 858 regionibus
1080 777 1175 849 astra,

389 875 653 969 Pertunduntque
675 903 733 946 suo
756 881 915 946 subiectas
938 877 1068 946 aethere
1089 887 1212 969 gentes.
1359 913 1362 918 ·

450 986 588 1079 Laniger
609 990 640 1054 in
662 990 768 1056 medio
791 991 921 1055 sortitus
943 985 1049 1056 sidera
1069 989 1190 1057 munde
1416 999 1419 1008 '

340 1114 378 1156 ⁷⁴⁶
392 1097 555 1165 Cancrum
577 1100 659 1165 inter
681 1098 886 1190 gelidumque
907 1099 1054 1188 Capram
1072 1119 1133 1189 per
1151 1100 1405 1189 temperauere
1465 1101 1468 1106 ’

389 1207 517 1275 Adserit
532 1210 565 1273 in
587 1209 672 1273 vires
694 1215 838 1297 pontum,
862 1227 958 1299 quem
979 1210 1102 1275 vicerat
1120 1211 1200 1299 ipse,
1283 1223 1297 1240 ’·
1463 1211 1466 1216 ’

388 1319 521 1408 virgine
545 1317 676 1408 delapsa
698 1335 773 1385 cum
795 1320 925 1385 narrem
943 1311 990 1385 'ar
1007 1318 1104 1385 nura
1125 1322 1223 1402 verra,
1258 1351 1273 1360 ·-
1301 1345 1311 1364 ·-
1380 1303 1407 1364 ,e

388 1427 431 1493 Et
453 1428 552 1495 minui
573 1426 701 1493 deflevit
724 1447 804 1494 onus
827 1429 1024 1519 dorsumque
1044 1427 1154 1498 levari.
1183 1439 1187 1446 '
1216 1465 1231 1472 ··

387 1535 479 1603 llluur
502 1538 597 1604 etiam
619 1548 771 1605 venerata
794 1539 870 1606 coiit
889 1541 994 1606 vicina
1015 1539 1212 1628 Propontis,
1276 1569 1279 1576 ·

338 1665 377 1706 ⁷⁵⁰
390 1646 432 1714 Et
453 1648 566 1737 Syriae
588 1651 700 1737 gentes
724 1658 756 1715 et
775 1648 850 1715 laxo
873 1649 982 1716 Persis
1005 1651 1133 1731 amictu,

387 1757 539 1825 Vestibus
561 1758 631 1847 ipsa
653 1760 717 1824 suis
738 1758 893 1854 ¹haereus3
915 1759 1076 1849 Nilusque
1093 1753 1279 1830 tumescere
1296 1777 1316 1788 ·’

386 1866 422 1934 lu
445 1867 617 1950 Cancrum,
640 1878 673 1935 et
693 1867 787 1936 tellus
810 1870 949 1960 Aegypti
969 1871 1056 1937 iussa
1077 1880 1198 1953 natare,
1227 1882 1231 1896 ²
1352 1901 1355 1906 ⁴

388 1977 514 2044 Taurus
536 1976 633 2045 habet
654 1979 805 2068 Scythiae
827 1979 1159 2072 montes-Asiamque
1181 1969 1357 2074 petentem,
1438 1988 1441 1992 ’

388 2088 430 2153 Et
450 2086 563 2153 molles
585 2086 718 2169 Arabas,
739 2089 892 2155 silvarum
916 2090 991 2158 ditia
1012 2111 1120 2179 regna.
1272 2123 1275 2128 ·
1314 2105 1317 2110 ’
1369 2107 1372 2112 ’

338 2218 375 2258 ⁷⁵⁵
389 2198 533 2266 Euxinus
555 2195 725 2287 Scythicos
747 2209 865 2289 pontus
887 2200 1031 2265 sinuatus
1053 2201 1085 2265 in
1107 2183 1200 2267 arcus
1290 2219 1293 2234 ·

388 2309 456 2377 Sub
480 2308 622 2376 Geminis
645 2318 686 2390 te,
708 2307 850 2392 Phoebe,
871 2310 961 2393 colit3
983 2319 1058 2399 post
1078 2310 1208 2378 brachia
1230 2312 1336 2379 fratris

385 2419 525 2489 Ultimus
548 2418 722 2485 cuculites
746 2417 877 2509 Ganges
900 2430 933 2486 et
953 2429 1089 2487 tremeat
1104 2420 1214 2487 indes
1349 2433 1352 2438 '

385 2530 509 2596 Ardent
529 2528 703 2618 Aethiopes
726 2529 864 2611 Cancro,
885 2530 937 2596 eui
958 2530 1116 2621 plurimus
1133 2531 1226 2620 ignis,

387 2638 459 2706 Hoc
482 2638 571 2706 color
591 2641 662 2728 ipse
683 2639 786 2705 docet.
829 2639 979 2729 Phrygia,
1001 2637 1176 2725 Nemeaee,
1198 2639 1318 2731 potiris,

337 2750 501 2819 vuldaeae
524 2750 633 2816 matris
655 2749 802 2831 famulus
825 2771 993 2841 regnoque
1007 2752 1127 2819 ierocis

387 2860 629 2953 Cappadocum,
650 2858 887 2952 Armeniaeque
907 2863 1006 2951 iugis3
1028 2859 1179 2951 Bithynia
1200 2859 1307 2929 dives·
1371 2926 1376 2933 ,
1412 2907 1416 2912 -

828 2995 845 3028 u
904 2999 907 3006 Ι
1402 2983 1406 2990 .

322 3075 356 3134 Α.
382 3096 408 3133 v.
422 3079 477 3138 742
498 3078 656 3135 rationibus
732 3091 758 3134 0.
772 3077 830 3136 743
850 3091 978 3155 aequare
1054 3089 1080 3134 0.
1094 3077 1289 3136 itt-sarritur
1355 3087 1382 3129 vt
1396 3069 1456 3133 745
1474 3091 1526 3149 ge-

380 3154 469 3211 liduru
488 3154 581 3231 tepidi
601 3162 667 3212 ante
749 3172 774 3209 v.
789 3157 847 3213 753
866 3154 987 3220 Taurus
1002 3154 1092 3228 habet
1106 3155 1146 3212 Sc
1198 3155 1258 3212 'ecs
1298 3151 1379 3228 ortus
1397 3152 1527 3210 sinatus

271 3279 276 3287 .
380 3232 409 3287 in
429 3249 522 3287 arcus·
601 3229 697 3292 v.754
715 3229 825 3290 Arabes
870 3227 872 3232 '
905 3227 999 3290 0757
1019 3225 1119 3290 solitus
1170 3170 1363 3287 melitindra
1382 3245 1526 3286 canuam.

381 3326 405 3363 v.
418 3309 476 3365 760
495 3305 633 3381 regnique
686 3307 689 3322 ''
1106 3337 1109 3342 ,
1433 3325 1437 3332 ·

322 3436 354 3494 S.
382 3456 407 3491 v.
421 3435 478 3493 743
499 3452 624 3510 aequare
706 3452 732 3491 r.
747 3436 804 3494 745
825 3453 942 3492 caurum
961 3433 1144 3511 -gelidum
1164 3433 1255 3512 tepidi
1338 3449 1364 3488 v.
1377 3432 1438 3490 754
1457 3432 1527 3487 Ara·

377 3516 428 3569 bes
511 3529 537 3565 r.
551 3514 607 3569 755
628 3512 757 3568 Euxinus
834 3531 860 3568 r.
874 3516 932 3570 757
952 3531 987 3569 ex
1008 3512 1100 3569 solido
1119 3519 1237 3568 tetrans.
1259 3507 1335 3568 Colit
1355 3508 1441 3584 India
1460 3526 1527 3565 can·

380 3605 467 3643 crurn.
548 3605 572 3644 r.
585 3589 644 3645 760
663 3590 800 3664 regnique
1504 3601 1507 3608 ·

320 3714 357 3773 B.
378 3734 403 3773 r.
418 3716 475 3774 742
497 3715 538 3773 Ut
625 3735 650 3773 v.
664 3719 722 3774 750
740 3714 868 3772 Euxinus
963 3734 987 3771 v.
1000 3718 1057 3774 757
1083 3724 1112 3773 et
1137 3711 1204 3770 colit
1228 3712 1281 3768 hos
1302 3712 1339 3768 G.
1361 3721 1390 3769 et
1411 3711 1528 3769 decolor

377 3793 474 3851 ludus.
553 3793 647 3851 0760
666 3793 757 3850 feroci
891 3817 893 3821 ·
1505 3843 1507 3848 .

321 3919 358 3978 V.
379 3940 404 3979 v.
419 3922 477 3982 742
496 3921 653 3981 redonibus
672 3940 780 3979 ornnes.
801 3919 969 3994 (0074005500
988 3920 1024 3976 V.
1037 3917 1079 3991 2.)
1101 3937 1173 3976 corr.
1195 3916 1273 3974 Scal.
1361 3934 1388 3974 v.
1401 3919 1462 3976 743
1481 3934 1526 3975 ue-

378 4017 465 4074 00000
483 3997 590 4055 omnes.
612 4018 684 4055 corr.
704 3997 739 4054 B.
858 4017 883 4053 v.
897 3996 955 4055 744
974 4001 1094 4055 sortitur
1121 4013 1229 4051 ornnes.
1251 4012 1324 4050 corr.
1345 3991 1426 4050 Scal.
1500 4003 1503 4008 '

379 4094 403 4133 r.
418 4076 474 4135 745
492 4074 617 4150 qelidum
635 4093 684 4150 per
705 4082 727 4131 t.
748 4079 836 4132 uncte
857 4074 963 4145 (vernis
983 4075 1018 4131 L.
1041 4073 1089 4145 C.)
1111 4090 1218 4141 ornnes.
1247 4070 1316 4149 (sed
1333 4071 1411 4126 uerte
1429 4070 1468 4127 V.
1485 4067 1525 4141 1.)

378 4172 451 4210 corr.
471 4152 507 4210 B.
585 4171 611 4210 r.
625 4155 682 4210 746
704 4150 787 4207 deest
805 4153 833 4207 in
854 4151 929 4207 V.1.
953 4150 987 4207 C.
1065 4167 1090 4205 v.
1106 4151 1163 4206 752
1182 4151 1250 4216 ardea
1269 4147 1304 4204 V.
1316 4151 1344 4203 2.
1393 4211 1395 4216 ¹
1430 4165 1457 4204 v.
1470 4144 1527 4206 754

377 4227 489 4287 &abac
508 4223 546 4285 V.
562 4232 589 4286 2.
708 4245 733 4282 v.
747 4227 815 4286 755¹
831 4228 974 4285 00070700
993 4227 1026 4284 L.
1047 4226 1084 4283 V.
1101 4230 1130 4282 2.
1161 4226 1275 4282 maine
1294 4221 1331 4279 V.
1342 4227 1372 4281 1.
1393 4218 1429 4283 C.

377 4323 402 4361 v.
416 4307 473 4361 756
492 4305 562 4364 calet
580 4306 617 4363 V.
628 4309 656 4362 2.
677 4306 711 4361 L.
734 4302 800 4379 (sed
822 4324 839 4360 a
859 4321 931 4359 corr.
953 4304 978 4376 0)
999 4299 1059 4360 bost
1077 4302 1114 4359 V.
1125 4305 1153 4357 2.
1236 4315 1263 4357 v.
1277 4302 1334 4358 757
1356 4300 1483 4360 Ultimum
1502 4306 1527 4357 et

337 4395 339 4399 ·
376 4377 485 4437 ualidos
506 4381 541 4438 G.
562 4392 590 4441 et
609 4379 763 4448 transendit
781 4379 866 4439 India
887 4398 989 4437 000000
1007 4378 1044 4435 V.
1055 4384 1083 4436 2.
1103 4377 1138 4434 L.
1161 4377 1198 4434 G.
1218 4376 1322 4435 Venet.
1343 4377 1378 4434 C.
1402 4376 1528 4437 [sitium

333 4461 335 4468 '
376 4461 403 4513 et
426 4457 461 4516 G.
481 4463 507 4512 et
526 4465 554 4513 te
573 4459 643 4516 coiit
660 4458 748 4518 India
769 4474 877 4514 cancer.
898 4454 935 4511 V.
953 4461 980 4514 1.
1010 4456 1073 4533 Ego
1094 4454 1218 4521 correxi,
1247 4452 1412 4512 dubitanter
1431 4462 1527 4514 tamen

379 4532 415 4591 de
437 4551 534 4591 versus
552 4542 633 4609 parte
653 4535 753 4592 altera.
870 4551 896 4587 v.
910 4536 968 4590 760
992 4536 1122 4610 sequique
1141 4549 1249 4588 ornnes.
1271 4548 1343 4588 corr.
1364 4529 1401 4588 B.
1436 4525 1527 4608 Tueri

378 4611 497 4690 poteris,
517 4607 542 4663 si
560 4607 679 4680 ferueire
698 4629 795 4668 casum
815 4609 935 4667 alterum
961 4610 1111 4669 adsumere
1138 4615 1245 4667 statues
1270 4613 1300 4665 et
1323 4607 1461 4687 interpam·
1481 4624 1525 4667 es:

327 4697 329 4702 '
379 4688 596 4817 Armeniaque,
620 4688 695 4760 iuqie
715 4689 749 4745 Β.
770 4686 858 4745 diues.
893 4687 980 4755 Quod
1007 4687 1070 4745 fieri
1094 4701 1180 4763 posse
1201 4702 1285 4761 nego.
1312 4682 1421 4758 (necea
1471 4688 1527 4743 .2.

379 4765 514 4823 etLssse
555 4765 668 4819 corni.
1163 4763 1165 4768 '
1286 4767 1291 4780 ·'
1325 4775 1328 4780 ·
1369 4775 1372 4782 ·
1409 4763 1414 4778 “
