3700 5609
690 592 794 663 Lrenn
812 591 865 664 lV.
908 619 938 663 v.
963 575 1153 698 sot-itit}
1464 583 1525 665 157

387 768 505 857 Magna
526 767 611 833 iacet
630 759 724 833 tellus
746 769 871 857 magnis
893 766 1088 834 circumdata
1107 768 1183 857 ripis

389 876 525 958 Parthis,
548 885 581 942 et
602 875 641 942 ab
663 876 788 943 Parthis
812 877 952 943 domitae
974 899 1033 965 per
1053 876 1181 945 saecula
1203 886 1325 967 gentes,
1425 871 1442 918 ·:

387 986 570 1078 Bactraque
588 996 621 1053 et
642 985 717 1066 Arii,
739 985 886 1074 Babylon
905 996 939 1053 et
959 987 1043 1055 Susa
1065 988 1236 1078 Panosque
1281 1021 1284 1026 ·

333 1115 373 1154 ⁸⁰⁶
386 1096 591 1187 Nominaque
613 1096 785 1188 innumeris
808 1097 864 1161 vix
886 1095 1129 1185 complectenda
1151 1096 1283 1187 figuris‚'·
1362 1111 1366 1122 ’

386 1207 429 1273 Et
450 1207 555 1295 Tign's
578 1216 610 1273 et
632 1206 717 1273 rubri
737 1206 893 1271 radiantia
914 1205 1005 1271 litora
1029 1208 1126 1297 ponti.

387 1316 443 1383 Sic
465 1316 565 1383 divisa
587 1325 695 1382 manet
717 1315 810 1381 tellus
833 1337 891 1404 per
910 1314 1015 1381 sidera
1037 1325 1168 1399 euncta3

385 1427 414 1493 E
437 1426 553 1516 quibus
572 1427 604 1490 in
626 1428 771 1515 proprias
791 1434 899 1515 partes
921 1435 996 1491 sunt
1015 1428 1085 1492 iura
1106 1425 1268 1493 trahenda.

385 1536 536 1625 Namque
560 1535 673 1602 eadem
696 1559 778 1625 quae
800 1542 875 1600 sunt
894 1535 993 1623 signis
1015 1537 1207 1602 commercia
1227 1543 1377 1604 servant?

334 1666 375 1705 810
387 1646 496 1735 thue
517 1645 571 1711 illa
589 1648 670 1712 inter
692 1668 728 1712 se
750 1651 869 1711 coeunt
890 1643 1029 1733 odioque
1051 1655 1241 1735 repugnant,
1340 1637 1344 1648 ’

385 1756 483 1824 Nunc
506 1757 641 1824 adversa
663 1756 750 1845 polo,
772 1775 858 1820 nunc
881 1764 913 1820 et
936 1756 1105 1822 coniuncta
1128 1757 1263 1845 trigono,
1331 1779 1335 1788 ·

279 1867 281 1872 ’
388 1866 544 1957 Quaeque
568 1867 628 1934 alia
648 1869 680 1933 in
703 1866 809 1930 varios
837 1866 969 1931 affectus
991 1887 1089 1930 causa
1111 1865 1277 1955 gubernat,

386 1977 442 2044 Sic
460 1986 566 2045 terrae
588 1978 679 2045 tern’s
702 1975 906 2064 respondent,
929 1974 1057 2041 orbibus
1079 1975 1182 2058 orbes,
1271 1993 1285 2016 ···

385 2091 497 2158 Litora
516 2088 669 2168 litoribus,
692 2087 799 2175 regnis
820 2087 977 2152 contraria
1001 2107 1116 2175 regna3

334 2221 375 2261 aas
389 2202 444 2269 Sic
467 2202 526 2268 erit
547 2206 579 2264 et
601 2197 694 2262 sedes
716 2195 867 2285 fugienda
889 2196 1093 2285 petendaque
1115 2199 1246 2286 cuique3

386 2312 442 2379 Sic
466 2308 623 2400 speranda
645 2306 723 2372 fides
744 2314 777 2371 et
799 2306 843 2370 sic
866 2306 1039 2372 metuenda
1061 2307 1189 2396 pericla,
1332 2289 1336 2296 ¹

385 2423 433 2491 Ut
453 2443 555 2511 genus
574 2420 606 2484 in
631 2427 748 2483 terram
771 2415 859 2483 caelo
883 2417 1049 2485 deseendit
1071 2417 1119 2483 ab.
1134 2416 1206 2483 alto.
1253 2445 1256 2456 ·
1286 2433 1290 2440 '

448 2530 584 2620 Pereipe
604 2547 691 2593 nuno
713 2527 819 2608 etiarn,
841 2550 924 2617 quae
944 2529 1006 2593 sint
1029 2527 1175 2618 ecliptica
1197 2526 1295 2594 Graio
1420 2553 1424 2560 ¹
1459 2531 1462 2538 '

385 2638 536 2721 Nomine,
559 2636 645 2728 quod
667 2645 772 2703 certos
796 2640 886 2727 quasi
909 2637 1067 2704 delassata
1089 2660 1148 2730 per
1169 2661 1270 2704 annos

334 2751 629 2838 aaoNonnunquam
650 2728 780 2813 bessant
800 2749 898 2815 sterili
920 2750 1078 2839 torpentia
1101 2756 1198 2813 motu.
1264 2797 1268 2806 .
1320 2761 1323 2766 ’

385 2859 519 2928 Scilicet
539 2860 695 2924 immenso
718 2855 796 2922 nihil
818 2867 867 2923 est
888 2855 1023 2947 aequale
1045 2857 1102 2923 sub
1126 2879 1216 2937 aevo,

318 3052 322 3063 Α
383 2970 629 3059 perpetuosque
653 2974 740 3032 tenet
760 2966 855 3032 flores
879 2990 1042 3056 unumque
1064 2974 1224 3047 tenorem3
1268 2993 1271 2997 ⁴

385 3079 551 3148 Mutantur
572 3077 630 3144 sed
651 3084 768 3142 cuncta
792 3074 846 3141 diu
866 3078 1054 3165 variantque
1076 3097 1135 3164 per
1156 3097 1272 3159 annos3

385 3190 430 3258 Et
449 3187 587 3257 fecunda
608 3188 674 3253 suis
696 3186 872 3253 subsistunt
892 3185 1035 3275 frugibus
1058 3209 1144 3269 arva,
1320 3187 1323 3194 ’

319 3460 355 3518 Δ.
382 3476 409 3515 v.
423 3423 490 3516 809
497 3454 596 3513 Parthi
616 3453 670 3512 sed
688 3454 802 3511 Parthis
900 3472 924 3511 v.
940 3453 996 3513 804
1017 3453 1120 3511 Hen'os
1218 3473 1243 3513 v.
1258 3460 1314 3517 805
1336 3462 1468 3539 amplee't.

378 3551 406 3591 v.
420 3538 478 3593 812
497 3531 617 3591 effectus
708 3534 806 3590 aero
827 3533 918 3589 sicet
1010 3549 1037 3588 v.
1051 3533 1108 3589 822
1128 3532 1262 3593 colorem.
1311 3547 1315 3556 ·
1361 3556 1386 3599 v.
1398 3541 1456 3597 823
1475 3545 1526 3597 ra*

378 3611 489 3668 riantur
506 3611 536 3665 in
555 3611 636 3666 orbe.
1262 3643 1266 3650 .
1452 3645 1456 3653 .

320 3739 353 3798 S.
382 3756 407 3794 v.
421 3737 479 3796 804
498 3746 529 3793 ut
547 3739 596 3804 A„
617 3736 669 3794 sed
691 3737 812 3803 coniicit,
834 3737 902 3793 Arii.
992 3757 1016 3793 v.
1031 3739 1087 3795 805
1108 3738 1240 3815 amplect.
1334 3760 1358 3798 v.
1376 3747 1432 3801 812
1452 3699 1526 3801 etie-

380 3822 444 3871 otus
540 3832 565 3871 v.
579 3818 636 3871 813
657 3815 773 3871 urbibus
794 3813 879 3869 urbes
975 3831 1001 3870 v.
1014 3817 1071 3871 818
1092 3816 1132 3870 sie
1153 3823 1182 3871 et
1276 3834 1303 3876 v.
1318 3822 1374 3877 810
1395 3837 1470 3894 quae
1514 3837 1517 3844 ·

381 3910 408 3947 v.
423 3893 481 3948 822
500 3890 623 3947 colorem
1168 3921 1171 3928 ·

320 4020 358 4078 Β.
378 4034 409 4074 r.
422 4016 486 4075 804Ι
497 4016 622 4094 Hyrcani
694 4035 720 4071 v.
734 4019 790 4074 805
812 4017 944 4094 ampleet.
1014 4033 1039 4074 v.
1054 4022 1111 4077 810
1132 4018 1234 4077 odiore
1294 4039 1318 4078 v.
1329 4025 1386 4080 812
1407 4019 1530 4092 Quaere

379 4111 407 4152 r.
421 4098 478 4153 818
497 4096 613 4153 urbibus
633 4094 719 4150 urbes
835 4112 860 4149 v.
874 4097 931 4153 815
950 4094 1110 4171 petendave
1227 4113 1251 4153 v.
1268 4100 1324 4156 816
1345 4100 1387 4157 sic
1407 4109 1436 4158 et

380 4191 406 4228 v.
421 4174 477 4231 823
499 4172 545 4229 die
621 4188 649 4228 v.
663 4172 720 4228 824
740 4171 879 4227 absistunt

321 4298 360 4357 V.
383 4303 479 4358 1.·808
499 4302 624 4356 Partiooi
642 4298 679 4354 V.
691 4303 718 4356 2.
740 4298 840 4355 Parata
859 4298 909 4355 aad
929 4299 965 4354 V.
978 4302 1005 4355 1.
1028 4300 1062 4355 C.
1083 4301 1184 4357 Partiri
1202 4300 1253 4358 stab
1274 4301 1306 4373 (a
1325 4321 1398 4360 corr.
1410 4303 1529 4380 oelardi

379 4375 415 4433 L.
437 4393 510 4434 corr.
531 4374 611 4433 Seal.
690 4394 714 4430 v.
730 4375 787 4431 804
810 4375 989 4451 Bartbroqao
1000 4376 1033 4434 L.
1055 4376 1198 4434 astismos
1217 4376 1343 4436 babilone
1351 4380 1386 4437 L.
1400 4381 1437 4440 G.
1460 4383 1528 4456 (sed

379 4453 427 4509 hio
445 4453 570 4525 «aeno
590 4452 627 4508 V.
643 4456 671 4509 1.
693 4451 729 4507 C.
760 4455 866 4508 eierato
885 4452 923 4509 V.
939 4457 967 4509 2.
999 4456 1193 4528 oaootmosqoo
1211 4455 1246 4510 L.
1276 4459 1467 4535 raptatosque
1487 4462 1526 4519 G.

378 4546 612 4663 utitur
632 4527 765 4663 iat*
787 4528 1286 4667 “tt'fttt⁰.t·bttat.¹.t
1307 4534 1419 4669 §.2⁴⁵5
1446 4536 1525 4670 ἕω·

377 4626 476 4741 :Visa
495 4648 614 4756 asmo}
633 4695 757 4739 omnes.-
829 4699 856 4738 ν.
869 4685 926 4739 ora
947 4625 1062 4741 orobos
1073 4647 1159 4740 'orba
1179 4628 1305 4743 oinos?
1360 4653 1480 4746 'asaro
1499 4695 1527 4747 a

376 4762 421 4818 ato
440 4758 478 4818 V.
499 4763 527 4818 1.
547 4763 608 4818 2.-
671 4776 698 4815 v.
713 4761 771 4818 822
790 4766 912 4822 morem
1007 4778 1034 4819 v.
1047 4762 1105 4819 828
1126 4757 1177 4820 810
1195 4764 1312 4841 antique
1330 4783 1390 4844 pro,
1405 4763 1469 4822 ae..
