<?xml version="1.0" encoding="UTF-8"?>
<!DOCTYPE html PUBLIC "-//W3C//DTD XHTML 1.0 Transitional//EN"
    "http://www.w3.org/TR/xhtml1/DTD/xhtml1-transitional.dtd">
<html xmlns="http://www.w3.org/1999/xhtml" xml:lang="en" lang="en">
 <head>
  <title>
</title>
<meta http-equiv="Content-Type" content="text/html;charset=utf-8" />
  <meta name='ocr-system' content='tesseract 3.04.00' />
  <meta name='ocr-capabilities' content='ocr_page ocr_carea ocr_par ocr_line ocrx_word'/>
</head>
<body>
  <div class='ocr_page' id='page_1' title='image "./mmaniliastronom00jacogoog/mmaniliastronom00jacogoog_0049.png"; bbox 0 0 3700 5609; ppageno 0'>
   <div class='ocr_carea' id='block_1_1' title="bbox 645 621 1082 705">
    <p class='ocr_par' dir='ltr' id='par_1_1' title="bbox 645 621 1082 705">
     <span class='ocr_line' id='line_1_1' title="bbox 645 621 1082 705; baseline 0.014 -16"><span class='ocrx_word' id='word_1_1' title='bbox 645 621 751 699; x_wconf 73' lang='lat' dir='ltr'><strong>Jnssa</strong></span> <span class='ocrx_word' id='word_1_2' title='bbox 772 622 794 697; x_wconf 91' lang='lat' dir='ltr'><strong>t.</strong></span> <span class='ocrx_word' id='word_1_3' title='bbox 836 649 867 691; x_wconf 86' lang='lat' dir='ltr'><strong>v.</strong></span> <span class='ocrx_word' id='word_1_4' title='bbox 892 635 1082 705; x_wconf 76' lang='lat' dir='ltr'><strong>sso-ssu</strong></span> 
     </span>
    </p>
   </div>
   <div class='ocr_carea' id='block_1_2' title="bbox 280 790 1405 2532">
    <p class='ocr_par' dir='ltr' id='par_1_2' title="bbox 331 790 1161 1106">
     <span class='ocr_line' id='line_1_2' title="bbox 331 790 1130 887; baseline 0.009 -29"><span class='ocrx_word' id='word_1_5' title='bbox 331 790 466 858; x_wconf 87' lang='lat' dir='ltr'><strong>Divisos</strong></span> <span class='ocrx_word' id='word_1_6' title='bbox 488 793 603 885; x_wconf 83' lang='lat' dir='ltr'><strong>sputis,</strong></span> <span class='ocrx_word' id='word_1_7' title='bbox 625 792 712 883; x_wconf 90' lang='lat' dir='ltr'><strong>quod</strong></span> <span class='ocrx_word' id='word_1_8' title='bbox 734 796 827 864; x_wconf 82' lang='lat' dir='ltr'><strong>tertia</strong></span> <span class='ocrx_word' id='word_1_9' title='bbox 849 794 999 883; x_wconf 84' lang='lat' dir='ltr'><strong>lampade</strong></span> <span class='ocrx_word' id='word_1_10' title='bbox 1022 794 1130 887; x_wconf 88' lang='lat' dir='ltr'><strong>dispar</strong></span> 
     </span>
     <span class='ocr_line' id='line_1_3' title="bbox 334 902 1149 993; baseline 0.005 -23"><span class='ocrx_word' id='word_1_11' title='bbox 334 902 540 993; x_wconf 78' lang='lat' dir='ltr'>Conspicitur</span> <span class='ocrx_word' id='word_1_12' title='bbox 561 902 699 993; x_wconf 83' lang='lat' dir='ltr'><strong>poribus,</strong></span> <span class='ocrx_word' id='word_1_13' title='bbox 721 904 877 974; x_wconf 85' lang='lat' dir='ltr'><strong>Deltoton</strong></span> <span class='ocrx_word' id='word_1_14' title='bbox 896 907 1027 973; x_wconf 88' lang='lat' dir='ltr'><strong>nomine</strong></span> <span class='ocrx_word' id='word_1_15' title='bbox 1051 907 1149 988; x_wconf 87' lang='lat' dir='ltr'><strong>sidus,</strong></span> 
     </span>
     <span class='ocr_line' id='line_1_4' title="bbox 332 1012 1161 1106; baseline 0.004 -28"><span class='ocrx_word' id='word_1_16' title='bbox 332 1012 385 1079; x_wconf 81' lang='lat' dir='ltr'><strong>Ex</strong></span> <span class='ocrx_word' id='word_1_17' title='bbox 407 1012 502 1079; x_wconf 85' lang='lat' dir='ltr'>simili</span> <span class='ocrx_word' id='word_1_18' title='bbox 525 1012 653 1079; x_wconf 87' lang='lat' dir='ltr'><strong>dictum.</strong></span> <span class='ocrx_word' id='word_1_19' title='bbox 699 1014 916 1105; x_wconf 79' lang='lat' dir='ltr'><strong>Cepheusque</strong></span> <span class='ocrx_word' id='word_1_20' title='bbox 938 1023 972 1081; x_wconf 90' lang='lat' dir='ltr'><strong>et</strong></span> <span class='ocrx_word' id='word_1_21' title='bbox 993 1016 1161 1106; x_wconf 82' lang='lat' dir='ltr'>Cassiepia</span> 
     </span>
    </p>

    <p class='ocr_par' dir='ltr' id='par_1_3' title="bbox 280 1120 1267 1652">
     <span class='ocr_line' id='line_1_5' title="bbox 280 1120 1111 1213; baseline 0.005 -26"><span class='ocrx_word' id='word_1_22' title='bbox 280 1139 320 1179; x_wconf 62' lang='grc'>355</span> <span class='ocrx_word' id='word_1_23' title='bbox 333 1120 368 1188; x_wconf 94' lang='lat' dir='ltr'><strong>ln</strong></span> <span class='ocrx_word' id='word_1_24' title='bbox 391 1144 513 1211; x_wconf 89' lang='lat' dir='ltr'><strong>poenas</strong></span> <span class='ocrx_word' id='word_1_25' title='bbox 534 1123 660 1211; x_wconf 79' lang='lat' dir='ltr'><strong>sigmu</strong></span> <span class='ocrx_word' id='word_1_26' title='bbox 680 1147 767 1204; x_wconf 86' lang='lat' dir='ltr'><strong>suas,</strong></span> <span class='ocrx_word' id='word_1_27' title='bbox 788 1124 945 1213; x_wconf 83' lang='lat' dir='ltr'><strong>iuxtaque</strong></span> <span class='ocrx_word' id='word_1_28' title='bbox 966 1125 1111 1192; x_wconf 85' lang='lat' dir='ltr'><strong>relietum</strong></span> 
     </span>
     <span class='ocr_line' id='line_1_6' title="bbox 334 1231 1208 1314; baseline 0.006 -17"><span class='ocrx_word' id='word_1_29' title='bbox 334 1231 584 1314; x_wconf 71' lang='lat' dir='ltr'><strong>Andromedam,</strong></span> <span class='ocrx_word' id='word_1_30' title='bbox 606 1242 716 1307; x_wconf 83' lang='lat' dir='ltr'><strong>vastos</strong></span> <span class='ocrx_word' id='word_1_31' title='bbox 738 1242 936 1302; x_wconf 74' lang='lat' dir='ltr'><strong>metuentem</strong></span> <span class='ocrx_word' id='word_1_32' title='bbox 959 1234 1071 1302; x_wconf 83' lang='lat' dir='ltr'><strong>Pristis</strong></span> <span class='ocrx_word' id='word_1_33' title='bbox 1094 1232 1208 1314; x_wconf 84' lang='lat' dir='ltr'><strong>hiatus,</strong></span> 
     </span>
     <span class='ocr_line' id='line_1_7' title="bbox 334 1339 1230 1434; baseline 0.009 -28"><span class='ocrx_word' id='word_1_34' title='bbox 334 1339 526 1432; x_wconf 77' lang='lat' dir='ltr'><strong>Expositum</strong></span> <span class='ocrx_word' id='word_1_35' title='bbox 554 1351 654 1431; x_wconf 82' lang='lat' dir='ltr'><strong>ponto</strong></span> <span class='ocrx_word' id='word_1_36' title='bbox 683 1342 780 1410; x_wconf 89' lang='lat' dir='ltr'><strong>dellet</strong></span> <span class='ocrx_word' id='word_1_37' title='bbox 809 1343 1015 1434; x_wconf 88' lang='lat' dir='ltr'><strong>scopulisque</strong></span> <span class='ocrx_word' id='word_1_38' title='bbox 1044 1345 1230 1426; x_wconf 79' lang='lat' dir='ltr'><strong>revinctum,</strong></span> 
     </span>
     <span class='ocr_line' id='line_1_8' title="bbox 331 1447 1267 1541; baseline 0.004 -23"><span class='ocrx_word' id='word_1_39' title='bbox 331 1450 376 1518; x_wconf 92' lang='lat' dir='ltr'><strong>Ni</strong></span> <span class='ocrx_word' id='word_1_40' title='bbox 396 1461 540 1520; x_wconf 86' lang='lat' dir='ltr'><strong>veterem</strong></span> <span class='ocrx_word' id='word_1_41' title='bbox 562 1447 701 1525; x_wconf 81' lang='lat' dir='ltr'><strong>Perseus</strong></span> <span class='ocrx_word' id='word_1_42' title='bbox 725 1450 815 1518; x_wconf 89' lang='lat' dir='ltr'><strong>caelo</strong></span> <span class='ocrx_word' id='word_1_43' title='bbox 840 1475 969 1541; x_wconf 85' lang='lat' dir='ltr'><strong>quoque</strong></span> <span class='ocrx_word' id='word_1_44' title='bbox 991 1462 1101 1524; x_wconf 78' lang='lat' dir='ltr'><strong>seruet</strong></span> <span class='ocrx_word' id='word_1_45' title='bbox 1121 1477 1267 1522; x_wconf 82' lang='lat' dir='ltr'><strong>amorem</strong></span> 
     </span>
     <span class='ocr_line' id='line_1_9' title="bbox 333 1560 1152 1652; baseline 0.004 -27"><span class='ocrx_word' id='word_1_46' title='bbox 333 1560 531 1652; x_wconf 83' lang='lat' dir='ltr'><strong>Auxilioque</strong></span> <span class='ocrx_word' id='word_1_47' title='bbox 552 1565 650 1643; x_wconf 84' lang='lat' dir='ltr'><strong>iuvet,</strong></span> <span class='ocrx_word' id='word_1_48' title='bbox 670 1562 888 1651; x_wconf 72' lang='lat' dir='ltr'><strong>fugiendoque</strong></span> <span class='ocrx_word' id='word_1_49' title='bbox 910 1562 1071 1652; x_wconf 80' lang='lat' dir='ltr'><strong>Gorgonis</strong></span> <span class='ocrx_word' id='word_1_50' title='bbox 1095 1585 1152 1629; x_wconf 89' lang='lat' dir='ltr'><strong>ora</strong></span> 
     </span>
    </p>

    <p class='ocr_par' dir='ltr' id='par_1_4' title="bbox 281 1670 1265 2200">
     <span class='ocr_line' id='line_1_10' title="bbox 281 1670 1168 1763; baseline 0.002 -27"><span class='ocrx_word' id='word_1_51' title='bbox 281 1687 320 1729; x_wconf 69' lang='lat' dir='ltr'><strong>tw</strong></span> <span class='ocrx_word' id='word_1_52' title='bbox 333 1670 500 1738; x_wconf 77' lang='lat' dir='ltr'><strong>Sustineat</strong></span> <span class='ocrx_word' id='word_1_53' title='bbox 520 1671 723 1762; x_wconf 88' lang='lat' dir='ltr'><strong>spoliumque</strong></span> <span class='ocrx_word' id='word_1_54' title='bbox 744 1671 803 1738; x_wconf 88' lang='lat' dir='ltr'><strong>sibi</strong></span> <span class='ocrx_word' id='word_1_55' title='bbox 825 1681 1015 1763; x_wconf 80' lang='lat' dir='ltr'><strong>pestemque</strong></span> <span class='ocrx_word' id='word_1_56' title='bbox 1038 1673 1168 1751; x_wconf 84' lang='lat' dir='ltr'><strong>videnti.</strong></span> 
     </span>
     <span class='ocr_line' id='line_1_11' title="bbox 333 1778 1063 1871; baseline 0.004 -25"><span class='ocrx_word' id='word_1_57' title='bbox 333 1778 420 1847; x_wconf 82' lang='lat' dir='ltr'><strong>Tum</strong></span> <span class='ocrx_word' id='word_1_58' title='bbox 442 1782 546 1848; x_wconf 89' lang='lat' dir='ltr'><strong>vicina</strong></span> <span class='ocrx_word' id='word_1_59' title='bbox 569 1783 675 1850; x_wconf 86' lang='lat' dir='ltr'><strong>tereos</strong></span> <span class='ocrx_word' id='word_1_60' title='bbox 695 1783 773 1848; x_wconf 84' lang='lat' dir='ltr'><strong>nixo</strong></span> <span class='ocrx_word' id='word_1_61' title='bbox 795 1783 932 1871; x_wconf 80' lang='lat' dir='ltr'><strong>vestigio</strong></span> <span class='ocrx_word' id='word_1_62' title='bbox 955 1782 1063 1849; x_wconf 83' lang='lat' dir='ltr'><strong>Tauro</strong></span> 
     </span>
     <span class='ocr_line' id='line_1_12' title="bbox 331 1888 1265 1982; baseline 0.004 -27"><span class='ocrx_word' id='word_1_63' title='bbox 331 1888 529 1973; x_wconf 87' lang='lat' dir='ltr'><strong>Heniochus,</strong></span> <span class='ocrx_word' id='word_1_64' title='bbox 550 1892 656 1965; x_wconf 86' lang='lat' dir='ltr'><strong>studio</strong></span> <span class='ocrx_word' id='word_1_65' title='bbox 679 1891 900 1979; x_wconf 84' lang='lat' dir='ltr'><strong>mundumque</strong></span> <span class='ocrx_word' id='word_1_66' title='bbox 923 1900 956 1957; x_wconf 91' lang='lat' dir='ltr'><strong>et</strong></span> <span class='ocrx_word' id='word_1_67' title='bbox 977 1914 1095 1958; x_wconf 90' lang='lat' dir='ltr'><strong>nomen</strong></span> <span class='ocrx_word' id='word_1_68' title='bbox 1118 1892 1265 1982; x_wconf 87' lang='lat' dir='ltr'><strong>adeptus,</strong></span> 
     </span>
     <span class='ocr_line' id='line_1_13' title="bbox 333 1997 1142 2090; baseline 0.005 -25"><span class='ocrx_word' id='word_1_69' title='bbox 333 1999 444 2085; x_wconf 85' lang='lat' dir='ltr'><strong>Quem</strong></span> <span class='ocrx_word' id='word_1_70' title='bbox 463 2002 567 2090; x_wconf 88' lang='lat' dir='ltr'><strong>primo</strong></span> <span class='ocrx_word' id='word_1_71' title='bbox 590 2023 686 2068; x_wconf 85' lang='lat' dir='ltr'><strong>curru</strong></span> <span class='ocrx_word' id='word_1_72' title='bbox 708 2000 894 2067; x_wconf 85' lang='lat' dir='ltr'><strong>volitantem</strong></span> <span class='ocrx_word' id='word_1_73' title='bbox 916 1997 1057 2088; x_wconf 86' lang='lat' dir='ltr'><strong>luppiter</strong></span> <span class='ocrx_word' id='word_1_74' title='bbox 1078 2001 1142 2069; x_wconf 89' lang='lat' dir='ltr'><strong>alto</strong></span> 
     </span>
     <span class='ocr_line' id='line_1_14' title="bbox 333 2108 1199 2200; baseline 0.003 -25"><span class='ocrx_word' id='word_1_75' title='bbox 333 2109 540 2200; x_wconf 83' lang='lat' dir='ltr'><strong>Quadriiugis</strong></span> <span class='ocrx_word' id='word_1_76' title='bbox 563 2111 736 2200; x_wconf 84' lang='lat' dir='ltr'><strong>conspexit</strong></span> <span class='ocrx_word' id='word_1_77' title='bbox 758 2111 848 2198; x_wconf 90' lang='lat' dir='ltr'><strong>equis</strong></span> <span class='ocrx_word' id='word_1_78' title='bbox 871 2108 1028 2199; x_wconf 89' lang='lat' dir='ltr'><strong>caeloque</strong></span> <span class='ocrx_word' id='word_1_79' title='bbox 1051 2113 1199 2179; x_wconf 84' lang='lat' dir='ltr'><strong>sacravit.</strong></span> 
     </span>
    </p>

    <p class='ocr_par' dir='ltr' id='par_1_5' title="bbox 282 2218 1405 2532">
     <span class='ocr_line' id='line_1_15' title="bbox 282 2218 1230 2311; baseline -0.003 -22"><span class='ocrx_word' id='word_1_80' title='bbox 282 2238 321 2279; x_wconf 67' lang='grc'><strong>366</strong></span> <span class='ocrx_word' id='word_1_81' title='bbox 335 2220 430 2289; x_wconf 82' lang='lat' dir='ltr'><strong>Tunc</strong></span> <span class='ocrx_word' id='word_1_82' title='bbox 457 2220 597 2288; x_wconf 89' lang='lat' dir='ltr'><strong>subeunt</strong></span> <span class='ocrx_word' id='word_1_83' title='bbox 625 2220 730 2294; x_wconf 85' lang='lat' dir='ltr'><strong>Hoedi</strong></span> <span class='ocrx_word' id='word_1_84' title='bbox 758 2218 924 2286; x_wconf 88' lang='lat' dir='ltr'><strong>cludentes</strong></span> <span class='ocrx_word' id='word_1_85' title='bbox 954 2220 1059 2288; x_wconf 89' lang='lat' dir='ltr'><strong>sidere</strong></span> <span class='ocrx_word' id='word_1_86' title='bbox 1086 2231 1230 2311; x_wconf 88' lang='lat' dir='ltr'><strong>pontum,</strong></span> 
     </span>
     <span class='ocr_line' id='line_1_16' title="bbox 330 2328 1405 2419; baseline -0.007 -20"><span class='ocrx_word' id='word_1_87' title='bbox 330 2329 457 2399; x_wconf 89' lang='lat' dir='ltr'><strong>Nobilis</strong></span> <span class='ocrx_word' id='word_1_88' title='bbox 480 2339 513 2397; x_wconf 91' lang='lat' dir='ltr'><strong>et</strong></span> <span class='ocrx_word' id='word_1_89' title='bbox 532 2330 644 2403; x_wconf 85' lang='lat' dir='ltr'><strong>mundi</strong></span> <span class='ocrx_word' id='word_1_90' title='bbox 666 2333 784 2400; x_wconf 78' lang='lat' dir='ltr'><strong>nutrito</strong></span> <span class='ocrx_word' id='word_1_91' title='bbox 808 2352 885 2419; x_wconf 83' lang='lat' dir='ltr'><strong>rege</strong></span> <span class='ocrx_word' id='word_1_92' title='bbox 906 2328 1050 2418; x_wconf 81' lang='lat' dir='ltr'><strong>Capella,</strong></span> <span class='ocrx_word' id='word_1_93' title='bbox 1402 2409 1405 2413; x_wconf 17' lang='grc' dir='ltr'>Ι</span> 
     </span>
     <span class='ocr_line' id='line_1_17' title="bbox 334 2438 1297 2532; baseline 0.002 -24"><span class='ocrx_word' id='word_1_94' title='bbox 334 2442 436 2508; x_wconf 82' lang='lat' dir='ltr'><strong>Cuius</strong></span> <span class='ocrx_word' id='word_1_95' title='bbox 460 2440 498 2507; x_wconf 86' lang='lat' dir='ltr'><strong>ab</strong></span> <span class='ocrx_word' id='word_1_96' title='bbox 521 2441 672 2514; x_wconf 77' lang='lat' dir='ltr'><strong>uberibus</strong></span> <span class='ocrx_word' id='word_1_97' title='bbox 695 2462 849 2529; x_wconf 80' lang='lat' dir='ltr'><strong>ooaguum</strong></span> <span class='ocrx_word' id='word_1_98' title='bbox 870 2438 923 2507; x_wconf 92' lang='lat' dir='ltr'><strong>ille</strong></span> <span class='ocrx_word' id='word_1_99' title='bbox 947 2439 1090 2506; x_wconf 86' lang='lat' dir='ltr'><strong>ascendit</strong></span> <span class='ocrx_word' id='word_1_100' title='bbox 1112 2440 1297 2532; x_wconf 85' lang='lat' dir='ltr'><strong>Olympum,</strong></span> 
     </span>
    </p>
   </div>
   <div class='ocr_carea' id='block_1_3' title="bbox 266 2631 1473 2845">
    <p class='ocr_par' dir='ltr' id='par_1_6' title="bbox 266 2631 1473 2845">
     <span class='ocr_line' id='line_1_18' title="bbox 266 2631 1473 2712; baseline 0.002 -22"><span class='ocrx_word' id='word_1_101' title='bbox 266 2633 302 2690; x_wconf 82' lang='lat' dir='ltr'><strong>A.</strong></span> <span class='ocrx_word' id='word_1_102' title='bbox 327 2651 354 2689; x_wconf 85' lang='lat' dir='ltr'><strong>v.</strong></span> <span class='ocrx_word' id='word_1_103' title='bbox 368 2636 426 2692; x_wconf 87' lang='grc'><strong>352</strong></span> <span class='ocrx_word' id='word_1_104' title='bbox 446 2641 528 2690; x_wconf 87' lang='lat' dir='ltr'><strong>terna</strong></span> <span class='ocrx_word' id='word_1_105' title='bbox 623 2651 649 2689; x_wconf 83' lang='lat' dir='ltr'><strong>v.</strong></span> <span class='ocrx_word' id='word_1_106' title='bbox 664 2633 721 2691; x_wconf 77' lang='grc'><strong>354</strong></span> <span class='ocrx_word' id='word_1_107' title='bbox 740 2639 899 2706; x_wconf 87' lang='lat' dir='ltr'><strong>sequuntur</strong></span> <span class='ocrx_word' id='word_1_108' title='bbox 919 2648 960 2685; x_wconf 88' lang='lat' dir='ltr'><strong>rs.</strong></span> <span class='ocrx_word' id='word_1_109' title='bbox 974 2634 1030 2688; x_wconf 78' lang='grc'><strong>330</strong></span> <span class='ocrx_word' id='word_1_110' title='bbox 1052 2632 1089 2688; x_wconf 86' lang='lat' dir='ltr'><strong>ad</strong></span> <span class='ocrx_word' id='word_1_111' title='bbox 1110 2631 1176 2689; x_wconf 74' lang='lat'><strong>442.</strong></span> <span class='ocrx_word' id='word_1_112' title='bbox 1269 2651 1295 2690; x_wconf 83' lang='lat' dir='ltr'><strong>v.</strong></span> <span class='ocrx_word' id='word_1_113' title='bbox 1309 2638 1365 2692; x_wconf 83' lang='lat'><strong>356</strong></span> <span class='ocrx_word' id='word_1_114' title='bbox 1386 2635 1473 2712; x_wconf 80' lang='lat' dir='ltr'><strong>piscis</strong></span> 
     </span>
     <span class='ocr_line' id='line_1_19' title="bbox 325 2706 1458 2789; baseline 0.004 -25"><span class='ocrx_word' id='word_1_115' title='bbox 325 2728 352 2767; x_wconf 79' lang='lat' dir='ltr'><strong>v.</strong></span> <span class='ocrx_word' id='word_1_116' title='bbox 366 2714 424 2768; x_wconf 89' lang='grc'><strong>358</strong></span> <span class='ocrx_word' id='word_1_117' title='bbox 443 2710 489 2766; x_wconf 89' lang='grc' dir='ltr'><strong>Ν6</strong></span> <span class='ocrx_word' id='word_1_118' title='bbox 567 2728 593 2766; x_wconf 80' lang='lat' dir='ltr'><strong>v.</strong></span> <span class='ocrx_word' id='word_1_119' title='bbox 608 2713 665 2767; x_wconf 85' lang='grc'><strong>360</strong></span> <span class='ocrx_word' id='word_1_120' title='bbox 685 2717 845 2781; x_wconf 86' lang='lat' dir='ltr'><strong>testemque</strong></span> <span class='ocrx_word' id='word_1_121' title='bbox 923 2725 948 2762; x_wconf 80' lang='grc'><strong>6.</strong></span> <span class='ocrx_word' id='word_1_122' title='bbox 964 2710 1016 2763; x_wconf 91' lang='grc'><strong>361</strong></span> <span class='ocrx_word' id='word_1_123' title='bbox 1041 2706 1115 2764; x_wconf 85' lang='lat' dir='ltr'><strong>flexo</strong></span> <span class='ocrx_word' id='word_1_124' title='bbox 1196 2727 1222 2767; x_wconf 81' lang='lat' dir='ltr'><strong>v.</strong></span> <span class='ocrx_word' id='word_1_125' title='bbox 1237 2712 1293 2768; x_wconf 90' lang='grc'><strong>363</strong></span> <span class='ocrx_word' id='word_1_126' title='bbox 1313 2712 1458 2789; x_wconf 53' lang='lat' dir='ltr'><strong>primum*</strong></span> 
     </span>
     <span class='ocr_line' id='line_1_20' title="bbox 325 2784 1091 2845; baseline 0 -4"><span class='ocrx_word' id='word_1_127' title='bbox 325 2804 351 2843; x_wconf 85' lang='lat' dir='ltr'><strong>v.</strong></span> <span class='ocrx_word' id='word_1_128' title='bbox 366 2788 422 2844; x_wconf 89' lang='grc'><strong>365</strong></span> <span class='ocrx_word' id='word_1_129' title='bbox 443 2787 519 2843; x_wconf 89' lang='lat' dir='ltr'><strong>Tum</strong></span> <span class='ocrx_word' id='word_1_130' title='bbox 538 2817 577 2828; x_wconf 91' lang='lat'><em>-</em></span> <span class='ocrx_word' id='word_1_131' title='bbox 596 2785 763 2845; x_wconf 73' lang='lat' dir='ltr'><strong>claudentes</strong></span> <span class='ocrx_word' id='word_1_132' title='bbox 840 2802 867 2839; x_wconf 79' lang='lat' dir='ltr'><strong>v.</strong></span> <span class='ocrx_word' id='word_1_133' title='bbox 881 2786 938 2841; x_wconf 89' lang='grc'><strong>366</strong></span> <span class='ocrx_word' id='word_1_134' title='bbox 960 2784 1091 2841; x_wconf 87' lang='lat' dir='ltr'><strong>Nubibus</strong></span> 
     </span>
    </p>
   </div>
   <div class='ocr_carea' id='block_1_4' title="bbox 265 2908 1473 3124">
    <p class='ocr_par' dir='ltr' id='par_1_7' title="bbox 265 2908 1473 3124">
     <span class='ocr_line' id='line_1_21' title="bbox 265 2908 1473 2986; baseline 0 -18"><span class='ocrx_word' id='word_1_135' title='bbox 265 2910 299 2968; x_wconf 89' lang='lat' dir='ltr'><strong>S.</strong></span> <span class='ocrx_word' id='word_1_136' title='bbox 324 2929 351 2968; x_wconf 81' lang='lat' dir='ltr'><strong>v.</strong></span> <span class='ocrx_word' id='word_1_137' title='bbox 365 2915 422 2969; x_wconf 81' lang='lat'><strong>352</strong></span> <span class='ocrx_word' id='word_1_138' title='bbox 441 2912 569 2969; x_wconf 81' lang='lat' dir='ltr'><strong>Dirisum</strong></span> <span class='ocrx_word' id='word_1_139' title='bbox 588 2944 627 2952; x_wconf 98' lang='lat'>—</span> <span class='ocrx_word' id='word_1_140' title='bbox 648 2910 715 2985; x_wconf 91' lang='lat' dir='ltr'><strong>quoi</strong></span> <span class='ocrx_word' id='word_1_141' title='bbox 734 2941 772 2950; x_wconf 91' lang='lat'><em>-</em></span> <span class='ocrx_word' id='word_1_142' title='bbox 790 2908 927 2986; x_wconf 82' lang='lat' dir='ltr'><strong>lampada</strong></span> <span class='ocrx_word' id='word_1_143' title='bbox 946 2941 985 2950; x_wconf 94' lang='lat'><em>-</em></span> <span class='ocrx_word' id='word_1_144' title='bbox 1006 2910 1165 2986; x_wconf 82' lang='lat' dir='ltr'><strong>Cassiopea</strong></span> <span class='ocrx_word' id='word_1_145' title='bbox 1262 2927 1286 2965; x_wconf 83' lang='lat' dir='ltr'><strong>r.</strong></span> <span class='ocrx_word' id='word_1_146' title='bbox 1301 2914 1357 2969; x_wconf 87' lang='grc'><strong>356</strong></span> <span class='ocrx_word' id='word_1_147' title='bbox 1381 2909 1473 2969; x_wconf 82' lang='lat' dir='ltr'><strong>Piscis</strong></span> 
     </span>
     <span class='ocr_line' id='line_1_22' title="bbox 325 2987 1473 3124; baseline 0.003 -82"><span class='ocrx_word' id='word_1_148' title='bbox 325 2988 493 3124; x_wconf 41' lang='lat' dir='ltr'><strong>diuidendis</strong></span> <span class='ocrx_word' id='word_1_149' title='bbox 564 3007 590 3045; x_wconf 85' lang='lat' dir='ltr'><strong>v.</strong></span> <span class='ocrx_word' id='word_1_150' title='bbox 605 2992 662 3048; x_wconf 88' lang='grc'><strong>360</strong></span> <span class='ocrx_word' id='word_1_151' title='bbox 681 2993 839 3061; x_wconf 85' lang='lat' dir='ltr'><strong>testemque</strong></span> <span class='ocrx_word' id='word_1_152' title='bbox 917 3003 943 3042; x_wconf 87' lang='lat' dir='ltr'><strong>v.</strong></span> <span class='ocrx_word' id='word_1_153' title='bbox 959 2989 1015 3043; x_wconf 91' lang='grc'><strong>363</strong></span> <span class='ocrx_word' id='word_1_154' title='bbox 1034 2987 1157 3064; x_wconf 85' lang='lat' dir='ltr'><strong>primurn</strong></span> <span class='ocrx_word' id='word_1_155' title='bbox 1236 3004 1261 3043; x_wconf 84' lang='lat' dir='ltr'><strong>v.</strong></span> <span class='ocrx_word' id='word_1_156' title='bbox 1274 2990 1330 3044; x_wconf 90' lang='grc'>365</span> <span class='ocrx_word' id='word_1_157' title='bbox 1345 2988 1422 3046; x_wconf 80' lang='lat' dir='ltr'><strong>Tun</strong></span> <span class='ocrx_word' id='word_1_158' title='bbox 1435 3018 1473 3031; x_wconf 92' lang='lat'><em>-</em></span> 
     </span>
    </p>
   </div>
   <div class='ocr_carea' id='block_1_5' title="bbox 265 3186 1471 3326">
    <p class='ocr_par' dir='ltr' id='par_1_8' title="bbox 265 3186 1471 3326">
     <span class='ocr_line' id='line_1_23' title="bbox 265 3186 1471 3257; baseline -0.002 -8"><span class='ocrx_word' id='word_1_159' title='bbox 265 3192 308 3253; x_wconf 67' lang='grc' dir='ltr'><strong>Β.</strong></span> <span class='ocrx_word' id='word_1_160' title='bbox 323 3210 349 3249; x_wconf 83' lang='lat' dir='ltr'><strong>v.</strong></span> <span class='ocrx_word' id='word_1_161' title='bbox 364 3194 422 3249; x_wconf 87' lang='grc'>352</span> <span class='ocrx_word' id='word_1_162' title='bbox 439 3190 567 3247; x_wconf 79' lang='lat' dir='ltr'><strong>Divisum</strong></span> <span class='ocrx_word' id='word_1_163' title='bbox 580 3220 618 3229; x_wconf 89' lang='lat'><em>-</em></span> <span class='ocrx_word' id='word_1_164' title='bbox 637 3196 701 3245; x_wconf 85' lang='lat' dir='ltr'><strong>tert.</strong></span> <span class='ocrx_word' id='word_1_165' title='bbox 723 3188 799 3245; x_wconf 89' lang='lat' dir='ltr'><strong>linea</strong></span> <span class='ocrx_word' id='word_1_166' title='bbox 883 3205 908 3243; x_wconf 87' lang='lat' dir='ltr'><strong>v.</strong></span> <span class='ocrx_word' id='word_1_167' title='bbox 923 3189 979 3244; x_wconf 88' lang='grc'><strong>355</strong></span> <span class='ocrx_word' id='word_1_168' title='bbox 999 3186 1099 3245; x_wconf 80' lang='lat' dir='ltr'><strong>relicta</strong></span> <span class='ocrx_word' id='word_1_169' title='bbox 1112 3186 1345 3246; x_wconf 80' lang='lat' dir='ltr'><strong>-Andromede</strong></span> <span class='ocrx_word' id='word_1_170' title='bbox 1359 3219 1397 3239; x_wconf 89' lang='lat'><strong>-.·</strong></span> <span class='ocrx_word' id='word_1_171' title='bbox 1409 3208 1471 3257; x_wconf 58' lang='lat' dir='ltr'><strong>me,-</strong></span> 
     </span>
     <span class='ocr_line' id='line_1_24' title="bbox 324 3263 1136 3326; baseline -0.005 -2"><span class='ocrx_word' id='word_1_172' title='bbox 324 3277 387 3326; x_wconf 84' lang='lat' dir='ltr'><strong>tuat</strong></span> <span class='ocrx_word' id='word_1_173' title='bbox 406 3268 463 3324; x_wconf 83' lang='lat' dir='ltr'><strong>ium</strong></span> <span class='ocrx_word' id='word_1_174' title='bbox 540 3284 564 3321; x_wconf 79' lang='grc'><strong>6.</strong></span> <span class='ocrx_word' id='word_1_175' title='bbox 579 3266 636 3323; x_wconf 83' lang='grc'><strong>357</strong></span> <span class='ocrx_word' id='word_1_176' title='bbox 655 3264 772 3320; x_wconf 87' lang='lat' dir='ltr'><strong>inducit.</strong></span> <span class='ocrx_word' id='word_1_177' title='bbox 853 3281 877 3319; x_wconf 87' lang='lat' dir='ltr'><strong>v.</strong></span> <span class='ocrx_word' id='word_1_178' title='bbox 892 3266 947 3321; x_wconf 90' lang='grc'><strong>365</strong></span> <span class='ocrx_word' id='word_1_179' title='bbox 969 3263 1136 3321; x_wconf 83' lang='lat' dir='ltr'><strong>claudentes</strong></span> 
     </span>
    </p>
   </div>
   <div class='ocr_carea' id='block_1_6' title="bbox 238 3385 1473 4766">
    <p class='ocr_par' dir='ltr' id='par_1_9' title="bbox 238 3385 1473 4766">
     <span class='ocr_line' id='line_1_25' title="bbox 265 3385 1473 3464; baseline -0.002 -14"><span class='ocrx_word' id='word_1_180' title='bbox 265 3393 304 3451; x_wconf 85' lang='lat' dir='ltr'><strong>V.</strong></span> <span class='ocrx_word' id='word_1_181' title='bbox 324 3394 417 3451; x_wconf 88' lang='lat' dir='ltr'><strong>latore</strong></span> <span class='ocrx_word' id='word_1_182' title='bbox 436 3392 548 3449; x_wconf 80' lang='lat' dir='ltr'><strong>venisse</strong></span> <span class='ocrx_word' id='word_1_183' title='bbox 574 3390 668 3457; x_wconf 88' lang='lat' dir='ltr'><strong>dicas,</strong></span> <span class='ocrx_word' id='word_1_184' title='bbox 695 3399 726 3446; x_wconf 92' lang='lat' dir='ltr'><strong>nt</strong></span> <span class='ocrx_word' id='word_1_185' title='bbox 745 3389 839 3464; x_wconf 84' lang='lat' dir='ltr'><strong>legas:</strong></span> <span class='ocrx_word' id='word_1_186' title='bbox 871 3393 907 3446; x_wconf 84' lang='lat' dir='ltr'><strong>Et</strong></span> <span class='ocrx_word' id='word_1_187' title='bbox 925 3386 1027 3461; x_wconf 73' lang='lat' dir='ltr'><strong>finitur</strong></span> <span class='ocrx_word' id='word_1_188' title='bbox 1045 3391 1077 3445; x_wconf 79' lang='lat' dir='ltr'><strong>io</strong></span> <span class='ocrx_word' id='word_1_189' title='bbox 1096 3385 1323 3460; x_wconf 75' lang='lat' dir='ltr'><strong>Androuoedouo3</strong></span> <span class='ocrx_word' id='word_1_190' title='bbox 1348 3390 1473 3452; x_wconf 76' lang='lat' dir='ltr'><strong>urcoedit</strong></span> 
     </span>
     <span class='ocr_line' id='line_1_26' title="bbox 323 3465 1471 3544; baseline -0.003 -18"><span class='ocrx_word' id='word_1_191' title='bbox 323 3471 423 3544; x_wconf 77' lang='lat' dir='ltr'><strong>iniquo</strong></span> <span class='ocrx_word' id='word_1_192' title='bbox 449 3471 582 3526; x_wconf 72' lang='grc'>05656666</span> <span class='ocrx_word' id='word_1_193' title='bbox 605 3468 703 3543; x_wconf 72' lang='lat' dir='ltr'><strong>spatio</strong></span> <span class='ocrx_word' id='word_1_194' title='bbox 724 3465 857 3523; x_wconf 76' lang='lat' dir='ltr'><strong>Deltoton</strong></span> <span class='ocrx_word' id='word_1_195' title='bbox 877 3469 987 3523; x_wconf 75' lang='lat' dir='ltr'><strong>nostine</strong></span> <span class='ocrx_word' id='word_1_196' title='bbox 1004 3465 1100 3535; x_wconf 77' lang='grc'>63666,</span> <span class='ocrx_word' id='word_1_197' title='bbox 1126 3469 1174 3522; x_wconf 79' lang='lat' dir='ltr'><strong>Ec</strong></span> <span class='ocrx_word' id='word_1_198' title='bbox 1189 3465 1279 3522; x_wconf 69' lang='lat' dir='ltr'><strong>etusdt</strong></span> <span class='ocrx_word' id='word_1_199' title='bbox 1297 3465 1411 3530; x_wconf 75' lang='lat' dir='ltr'><strong>diatono</strong></span> <span class='ocrx_word' id='word_1_200' title='bbox 1432 3498 1471 3509; x_wconf 89' lang='lat'>-</span> 
     </span>
     <span class='ocr_line' id='line_1_27' title="bbox 238 3542 1471 3617; baseline -0.006 -11"><span class='ocrx_word' id='word_1_201' title='bbox 238 3604 240 3606; x_wconf 83' lang='lat'><strong>.</strong></span> <span class='ocrx_word' id='word_1_202' title='bbox 324 3545 397 3602; x_wconf 85' lang='lat' dir='ltr'><strong>Post</strong></span> <span class='ocrx_word' id='word_1_203' title='bbox 414 3545 489 3601; x_wconf 88' lang='lat' dir='ltr'><strong>hunc</strong></span> <span class='ocrx_word' id='word_1_204' title='bbox 507 3562 550 3600; x_wconf 80' lang='lat' dir='ltr'><strong>rs.</strong></span> <span class='ocrx_word' id='word_1_205' title='bbox 564 3543 622 3601; x_wconf 86' lang='grc'><strong>354</strong></span> <span class='ocrx_word' id='word_1_206' title='bbox 641 3551 799 3617; x_wconf 88' lang='lat' dir='ltr'><strong>sequuntur</strong></span> <span class='ocrx_word' id='word_1_207' title='bbox 818 3544 845 3597; x_wconf 93' lang='lat' dir='ltr'><strong>in</strong></span> <span class='ocrx_word' id='word_1_208' title='bbox 866 3544 994 3598; x_wconf 86' lang='lat' dir='ltr'><strong>omnibus</strong></span> <span class='ocrx_word' id='word_1_209' title='bbox 1015 3560 1055 3599; x_wconf 89' lang='lat' dir='ltr'><strong>vs.</strong></span> <span class='ocrx_word' id='word_1_210' title='bbox 1070 3542 1233 3600; x_wconf 72' lang='lat' dir='ltr'><strong>ssu-442</strong></span> <span class='ocrx_word' id='word_1_211' title='bbox 1254 3542 1319 3599; x_wconf 91' lang='lat' dir='ltr'><strong>incl.</strong></span> <span class='ocrx_word' id='word_1_212' title='bbox 1364 3543 1396 3598; x_wconf 92' lang='lat' dir='ltr'><strong>Id</strong></span> <span class='ocrx_word' id='word_1_213' title='bbox 1418 3553 1471 3613; x_wconf 87' lang='lat' dir='ltr'><strong>est,</strong></span> 
     </span>
     <span class='ocr_line' id='line_1_28' title="bbox 324 3618 1470 3697; baseline -0.002 -18"><span class='ocrx_word' id='word_1_214' title='bbox 324 3624 356 3679; x_wconf 87' lang='lat' dir='ltr'><strong>io</strong></span> <span class='ocrx_word' id='word_1_215' title='bbox 375 3639 411 3679; x_wconf 93' lang='lat' dir='ltr'><strong>eo</strong></span> <span class='ocrx_word' id='word_1_216' title='bbox 430 3620 510 3688; x_wconf 67' lang='lat' dir='ltr'><strong>cod„</strong></span> <span class='ocrx_word' id='word_1_217' title='bbox 531 3619 607 3677; x_wconf 89' lang='lat' dir='ltr'><strong>unde</strong></span> <span class='ocrx_word' id='word_1_218' title='bbox 626 3619 716 3676; x_wconf 84' lang='lat' dir='ltr'><strong>nostri</strong></span> <span class='ocrx_word' id='word_1_219' title='bbox 737 3638 834 3675; x_wconf 83' lang='lat' dir='ltr'><strong>ornnes</strong></span> <span class='ocrx_word' id='word_1_220' title='bbox 856 3628 1004 3685; x_wconf 85' lang='lat' dir='ltr'><strong>venerunt,</strong></span> <span class='ocrx_word' id='word_1_221' title='bbox 1025 3624 1062 3675; x_wconf 83' lang='lat'><strong>22</strong></span> <span class='ocrx_word' id='word_1_222' title='bbox 1083 3638 1179 3676; x_wconf 87' lang='lat' dir='ltr'><strong>versus</strong></span> <span class='ocrx_word' id='word_1_223' title='bbox 1200 3620 1229 3674; x_wconf 91' lang='lat' dir='ltr'><strong>in</strong></span> <span class='ocrx_word' id='word_1_224' title='bbox 1249 3618 1366 3693; x_wconf 83' lang='lat' dir='ltr'><strong>singulis</strong></span> <span class='ocrx_word' id='word_1_225' title='bbox 1386 3622 1470 3697; x_wconf 85' lang='lat' dir='ltr'><strong>pugi-</strong></span> 
     </span>
     <span class='ocr_line' id='line_1_29' title="bbox 317 3695 1470 3774; baseline 0 -18"><span class='ocrx_word' id='word_1_226' title='bbox 317 3699 370 3762; x_wconf 72' lang='grc'><strong>656</strong></span> <span class='ocrx_word' id='word_1_227' title='bbox 388 3706 470 3756; x_wconf 81' lang='lat' dir='ltr'><strong>eruut</strong></span> <span class='ocrx_word' id='word_1_228' title='bbox 488 3697 596 3774; x_wconf 83' lang='lat' dir='ltr'><strong>scripti,</strong></span> <span class='ocrx_word' id='word_1_229' title='bbox 616 3705 645 3753; x_wconf 84' lang='lat' dir='ltr'><strong>et</strong></span> <span class='ocrx_word' id='word_1_230' title='bbox 663 3695 763 3752; x_wconf 82' lang='lat' dir='ltr'><strong>folium</strong></span> <span class='ocrx_word' id='word_1_231' title='bbox 782 3696 926 3771; x_wconf 87' lang='lat' dir='ltr'><strong>posterius</strong></span> <span class='ocrx_word' id='word_1_232' title='bbox 948 3712 1017 3752; x_wconf 86' lang='lat' dir='ltr'><strong>casu</strong></span> <span class='ocrx_word' id='word_1_233' title='bbox 1036 3704 1065 3752; x_wconf 90' lang='lat' dir='ltr'><strong>et</strong></span> <span class='ocrx_word' id='word_1_234' title='bbox 1085 3714 1181 3753; x_wconf 88' lang='lat' dir='ltr'><strong>errore</strong></span> <span class='ocrx_word' id='word_1_235' title='bbox 1201 3695 1403 3772; x_wconf 82' lang='lat' dir='ltr'><strong>priust&#39;actmn</strong></span> <span class='ocrx_word' id='word_1_236' title='bbox 1417 3706 1470 3756; x_wconf 81' lang='lat' dir='ltr'><strong>est.</strong></span> 
     </span>
     <span class='ocr_line' id='line_1_30' title="bbox 324 3769 1472 3847; baseline -0.003 -15"><span class='ocrx_word' id='word_1_237' title='bbox 324 3773 465 3833; x_wconf 85' lang='lat' dir='ltr'><strong>Ordinem</strong></span> <span class='ocrx_word' id='word_1_238' title='bbox 484 3792 581 3831; x_wconf 82' lang='lat' dir='ltr'><strong>verum</strong></span> <span class='ocrx_word' id='word_1_239' title='bbox 601 3771 723 3829; x_wconf 89' lang='lat' dir='ltr'><strong>restituit</strong></span> <span class='ocrx_word' id='word_1_240' title='bbox 740 3770 817 3828; x_wconf 86' lang='lat' dir='ltr'><strong>Scal.</strong></span> <span class='ocrx_word' id='word_1_241' title='bbox 896 3790 921 3827; x_wconf 82' lang='lat' dir='ltr'><strong>v.</strong></span> <span class='ocrx_word' id='word_1_242' title='bbox 936 3772 992 3827; x_wconf 88' lang='grc'><strong>355</strong></span> <span class='ocrx_word' id='word_1_243' title='bbox 1009 3769 1140 3828; x_wconf 80' lang='lat' dir='ltr'><strong>relictum</strong></span> <span class='ocrx_word' id='word_1_244' title='bbox 1157 3769 1364 3836; x_wconf 79' lang='lat' dir='ltr'><strong>Andromedam</strong></span> <span class='ocrx_word' id='word_1_245' title='bbox 1383 3774 1472 3847; x_wconf 46' lang='lat' dir='ltr'><strong>copo*</strong></span> 
     </span>
     <span class='ocr_line' id='line_1_31' title="bbox 323 3845 1470 3924; baseline -0.004 -16"><span class='ocrx_word' id='word_1_246' title='bbox 323 3854 413 3908; x_wconf 72' lang='grc'>653666</span> <span class='ocrx_word' id='word_1_247' title='bbox 431 3846 511 3921; x_wconf 58' lang='lat' dir='ltr'><strong>deflet</strong></span> <span class='ocrx_word' id='word_1_248' title='bbox 530 3868 614 3907; x_wconf 88' lang='lat' dir='ltr'><strong>nemo</strong></span> <span class='ocrx_word' id='word_1_249' title='bbox 634 3850 723 3913; x_wconf 83' lang='lat' dir='ltr'><strong>l&#39;erat,</strong></span> <span class='ocrx_word' id='word_1_250' title='bbox 750 3867 842 3923; x_wconf 89' lang='lat' dir='ltr'><strong>eoque</strong></span> <span class='ocrx_word' id='word_1_251' title='bbox 863 3849 970 3914; x_wconf 87' lang='lat' dir='ltr'><strong>minus,</strong></span> <span class='ocrx_word' id='word_1_252' title='bbox 997 3846 1076 3921; x_wconf 91' lang='lat' dir='ltr'><strong>quod</strong></span> <span class='ocrx_word' id='word_1_253' title='bbox 1095 3846 1195 3902; x_wconf 82' lang='lat' dir='ltr'><strong>relicto</strong></span> <span class='ocrx_word' id='word_1_254' title='bbox 1215 3845 1258 3917; x_wconf 83' lang='lat' dir='ltr'><strong>(in</strong></span> <span class='ocrx_word' id='word_1_255' title='bbox 1279 3846 1419 3924; x_wconf 89' lang='lat' dir='ltr'><strong>scopulis)</strong></span> <span class='ocrx_word' id='word_1_256' title='bbox 1441 3857 1470 3905; x_wconf 92' lang='lat' dir='ltr'><strong>et</strong></span> 
     </span>
     <span class='ocr_line' id='line_1_32' title="bbox 322 3922 1471 4003; baseline -0.002 -19"><span class='ocrx_word' id='word_1_257' title='bbox 322 3929 460 4003; x_wconf 68' lang='lat' dir='ltr'><strong>seposito</strong></span> <span class='ocrx_word' id='word_1_258' title='bbox 479 3925 620 4003; x_wconf 81' lang='lat' dir='ltr'><strong>(belluae)</strong></span> <span class='ocrx_word' id='word_1_259' title='bbox 641 3923 742 3981; x_wconf 89' lang='lat' dir='ltr'><strong>eodem</strong></span> <span class='ocrx_word' id='word_1_260' title='bbox 762 3925 824 3981; x_wconf 85' lang='lat' dir='ltr'><strong>lere</strong></span> <span class='ocrx_word' id='word_1_261' title='bbox 845 3925 978 3981; x_wconf 88' lang='lat' dir='ltr'><strong>redeunt.</strong></span> <span class='ocrx_word' id='word_1_262' title='bbox 1006 3922 1107 3979; x_wconf 80' lang='lat' dir='ltr'><strong>relicto</strong></span> <span class='ocrx_word' id='word_1_263' title='bbox 1128 3922 1240 3978; x_wconf 87' lang='lat' dir='ltr'><strong>videtur</strong></span> <span class='ocrx_word' id='word_1_264' title='bbox 1258 3924 1471 3997; x_wconf 81' lang='lat' dir='ltr'><strong>corrigendum.¹</strong></span> 
     </span>
     <span class='ocr_line' id='line_1_33' title="bbox 323 3996 1374 4081; baseline -0.005 -20"><span class='ocrx_word' id='word_1_265' title='bbox 323 4002 529 4081; x_wconf 64' lang='lat' dir='ltr'><strong>Cassiepiam</strong></span> <span class='ocrx_word' id='word_1_266' title='bbox 546 4019 655 4077; x_wconf 70' lang='lat' dir='ltr'><strong>poenos</strong></span> <span class='ocrx_word' id='word_1_267' title='bbox 674 4002 752 4056; x_wconf 80' lang='lat' dir='ltr'><strong>iuxta</strong></span> <span class='ocrx_word' id='word_1_268' title='bbox 771 4000 870 4057; x_wconf 86' lang='lat' dir='ltr'><strong>relicta</strong></span> <span class='ocrx_word' id='word_1_269' title='bbox 890 4009 935 4058; x_wconf 89' lang='lat' dir='ltr'><strong>est</strong></span> <span class='ocrx_word' id='word_1_270' title='bbox 954 4001 982 4055; x_wconf 91' lang='lat' dir='ltr'><strong>iu</strong></span> <span class='ocrx_word' id='word_1_271' title='bbox 1003 4001 1096 4066; x_wconf 85' lang='lat' dir='ltr'><strong>astris,</strong></span> <span class='ocrx_word' id='word_1_272' title='bbox 1117 4017 1151 4055; x_wconf 87' lang='lat' dir='ltr'><strong>ac</strong></span> <span class='ocrx_word' id='word_1_273' title='bbox 1170 3998 1258 4053; x_wconf 81' lang='lat' dir='ltr'><strong>tiliam</strong></span> <span class='ocrx_word' id='word_1_274' title='bbox 1278 3996 1374 4056; x_wconf 89' lang='lat' dir='ltr'><strong>deflet.</strong></span> 
     </span>
     <span class='ocr_line' id='line_1_34' title="bbox 321 4075 1471 4155; baseline -0.001 -20"><span class='ocrx_word' id='word_1_275' title='bbox 321 4097 349 4137; x_wconf 73' lang='lat' dir='ltr'><strong>a.</strong></span> <span class='ocrx_word' id='word_1_276' title='bbox 364 4082 422 4138; x_wconf 82' lang='grc'><strong>356</strong></span> <span class='ocrx_word' id='word_1_277' title='bbox 440 4078 533 4155; x_wconf 72' lang='lat' dir='ltr'><strong>piscis</strong></span> <span class='ocrx_word' id='word_1_278' title='bbox 552 4079 586 4135; x_wconf 91' lang='lat' dir='ltr'><strong>L.</strong></span> <span class='ocrx_word' id='word_1_279' title='bbox 607 4079 645 4133; x_wconf 92' lang='lat' dir='ltr'><strong>G.</strong></span> <span class='ocrx_word' id='word_1_280' title='bbox 666 4078 702 4132; x_wconf 87' lang='lat' dir='ltr'><strong>C.</strong></span> <span class='ocrx_word' id='word_1_281' title='bbox 723 4075 758 4132; x_wconf 87' lang='lat' dir='ltr'><strong>V.</strong></span> <span class='ocrx_word' id='word_1_282' title='bbox 774 4081 798 4132; x_wconf 85' lang='lat'><strong>1.</strong></span> <span class='ocrx_word' id='word_1_283' title='bbox 819 4079 905 4151; x_wconf 78' lang='lat' dir='ltr'><strong>pistis</strong></span> <span class='ocrx_word' id='word_1_284' title='bbox 925 4076 962 4130; x_wconf 86' lang='lat' dir='ltr'><strong>V.</strong></span> <span class='ocrx_word' id='word_1_285' title='bbox 975 4080 1002 4131; x_wconf 80' lang='lat'><strong>2.</strong></span> <span class='ocrx_word' id='word_1_286' title='bbox 1024 4094 1096 4132; x_wconf 87' lang='lat' dir='ltr'><strong>corr.</strong></span> <span class='ocrx_word' id='word_1_287' title='bbox 1117 4075 1211 4132; x_wconf 79' lang='lat' dir='ltr'><strong>Bentl.</strong></span> <span class='ocrx_word' id='word_1_288' title='bbox 1319 4077 1471 4137; x_wconf 70' lang='grc'>635816</span> 
     </span>
     <span class='ocr_line' id='line_1_35' title="bbox 322 4152 1469 4229; baseline -0.004 -15"><span class='ocrx_word' id='word_1_289' title='bbox 322 4162 378 4220; x_wconf 80' lang='lat' dir='ltr'><strong>ool.</strong></span> <span class='ocrx_word' id='word_1_290' title='bbox 399 4157 434 4214; x_wconf 88' lang='lat' dir='ltr'><strong>L.</strong></span> <span class='ocrx_word' id='word_1_291' title='bbox 450 4156 487 4212; x_wconf 89' lang='lat' dir='ltr'><strong>G.</strong></span> <span class='ocrx_word' id='word_1_292' title='bbox 503 4155 538 4212; x_wconf 93' lang='lat' dir='ltr'><strong>C.</strong></span> <span class='ocrx_word' id='word_1_293' title='bbox 558 4156 601 4211; x_wconf 84' lang='lat' dir='ltr'><strong>Ni</strong></span> <span class='ocrx_word' id='word_1_294' title='bbox 618 4154 655 4210; x_wconf 86' lang='lat' dir='ltr'><strong>V.</strong></span> <span class='ocrx_word' id='word_1_295' title='bbox 670 4158 697 4210; x_wconf 87' lang='lat' dir='ltr'><strong>l.</strong></span> <span class='ocrx_word' id='word_1_296' title='bbox 709 4157 737 4208; x_wconf 84' lang='lat'><strong>2.</strong></span> <span class='ocrx_word' id='word_1_297' title='bbox 759 4155 810 4221; x_wconf 83' lang='lat' dir='ltr'><strong>Ni,</strong></span> <span class='ocrx_word' id='word_1_298' title='bbox 831 4161 860 4208; x_wconf 92' lang='lat' dir='ltr'><strong>ut</strong></span> <span class='ocrx_word' id='word_1_299' title='bbox 881 4170 978 4229; x_wconf 87' lang='lat' dir='ltr'><strong>saepe,</strong></span> <span class='ocrx_word' id='word_1_300' title='bbox 998 4152 1053 4207; x_wconf 88' lang='lat' dir='ltr'><strong>levi</strong></span> <span class='ocrx_word' id='word_1_301' title='bbox 1073 4161 1231 4209; x_wconf 84' lang='lat' dir='ltr'><strong>structurae</strong></span> <span class='ocrx_word' id='word_1_302' title='bbox 1250 4152 1406 4210; x_wconf 89' lang='lat' dir='ltr'><strong>mutatione</strong></span> <span class='ocrx_word' id='word_1_303' title='bbox 1423 4152 1469 4209; x_wconf 91' lang='lat' dir='ltr'><strong>lo-</strong></span> 
     </span>
     <span class='ocr_line' id='line_1_36' title="bbox 318 4227 1471 4311; baseline -0.003 -21"><span class='ocrx_word' id='word_1_304' title='bbox 318 4251 390 4298; x_wconf 76' lang='lat' dir='ltr'><strong>sum</strong></span> <span class='ocrx_word' id='word_1_305' title='bbox 409 4232 568 4311; x_wconf 83' lang='lat' dir='ltr'><strong>particulae</strong></span> <span class='ocrx_word' id='word_1_306' title='bbox 588 4229 636 4289; x_wconf 84' lang='lat' dir='ltr'><strong>sed</strong></span> <span class='ocrx_word' id='word_1_307' title='bbox 656 4238 790 4306; x_wconf 85' lang='lat' dir='ltr'><strong>occupat:</strong></span> <span class='ocrx_word' id='word_1_308' title='bbox 811 4228 914 4284; x_wconf 83' lang='lat' dir='ltr'><strong>Metuit</strong></span> <span class='ocrx_word' id='word_1_309' title='bbox 934 4227 1020 4283; x_wconf 88' lang='lat' dir='ltr'><strong>Andr.</strong></span> <span class='ocrx_word' id='word_1_310' title='bbox 1042 4227 1091 4286; x_wconf 81' lang='lat' dir='ltr'><strong>sed</strong></span> <span class='ocrx_word' id='word_1_311' title='bbox 1110 4237 1205 4285; x_wconf 89' lang='lat' dir='ltr'><strong>servat</strong></span> <span class='ocrx_word' id='word_1_312' title='bbox 1224 4246 1350 4285; x_wconf 85' lang='lat' dir='ltr'><strong>amorem</strong></span> <span class='ocrx_word' id='word_1_313' title='bbox 1368 4229 1401 4286; x_wconf 92' lang='lat' dir='ltr'><strong>P.</strong></span> <span class='ocrx_word' id='word_1_314' title='bbox 1426 4230 1471 4287; x_wconf 83' lang='lat' dir='ltr'><strong>Ex</strong></span> 
     </span>
     <span class='ocr_line' id='line_1_37' title="bbox 322 4303 1468 4387; baseline -0.002 -22"><span class='ocrx_word' id='word_1_315' title='bbox 322 4307 421 4365; x_wconf 87' lang='lat' dir='ltr'><strong>multis</strong></span> <span class='ocrx_word' id='word_1_316' title='bbox 442 4307 580 4387; x_wconf 80' lang='lat' dir='ltr'><strong>exemplis</strong></span> <span class='ocrx_word' id='word_1_317' title='bbox 601 4326 696 4372; x_wconf 88' lang='lat' dir='ltr'><strong>unum,</strong></span> <span class='ocrx_word' id='word_1_318' title='bbox 718 4307 754 4360; x_wconf 80' lang='lat' dir='ltr'><strong>ri&#39;.</strong></span> <span class='ocrx_word' id='word_1_319' title='bbox 776 4306 856 4378; x_wconf 81' lang='lat' dir='ltr'><strong>Virg.</strong></span> <span class='ocrx_word' id='word_1_320' title='bbox 878 4304 985 4379; x_wconf 83' lang='lat' dir='ltr'><strong>Georg.</strong></span> <span class='ocrx_word' id='word_1_321' title='bbox 1008 4303 1057 4371; x_wconf 85' lang='lat' dir='ltr'><strong>IV,</strong></span> <span class='ocrx_word' id='word_1_322' title='bbox 1077 4304 1143 4362; x_wconf 73' lang='lat'><strong>455.</strong></span> <span class='ocrx_word' id='word_1_323' title='bbox 1241 4322 1266 4360; x_wconf 82' lang='lat' dir='ltr'><strong>v.</strong></span> <span class='ocrx_word' id='word_1_324' title='bbox 1281 4305 1339 4363; x_wconf 77' lang='lat'><strong>360</strong></span> <span class='ocrx_word' id='word_1_325' title='bbox 1358 4312 1468 4363; x_wconf 78' lang='lat' dir='ltr'><strong>testem-</strong></span> 
     </span>
     <span class='ocr_line' id='line_1_38' title="bbox 322 4380 1471 4461; baseline -0.001 -22"><span class='ocrx_word' id='word_1_326' title='bbox 322 4402 377 4461; x_wconf 77' lang='lat' dir='ltr'><strong>que</strong></span> <span class='ocrx_word' id='word_1_327' title='bbox 397 4403 505 4442; x_wconf 87' lang='lat' dir='ltr'><strong>omnes.</strong></span> <span class='ocrx_word' id='word_1_328' title='bbox 536 4390 694 4459; x_wconf 77' lang='lat' dir='ltr'><strong>pestenoqsw</strong></span> <span class='ocrx_word' id='word_1_329' title='bbox 712 4384 863 4459; x_wconf 88' lang='lat' dir='ltr'><strong>proposuit</strong></span> <span class='ocrx_word' id='word_1_330' title='bbox 882 4381 1028 4449; x_wconf 84' lang='lat' dir='ltr'><strong>Lannoius</strong></span> <span class='ocrx_word' id='word_1_331' title='bbox 1049 4381 1128 4459; x_wconf 87' lang='lat' dir='ltr'><strong>apud</strong></span> <span class='ocrx_word' id='word_1_332' title='bbox 1147 4380 1339 4449; x_wconf 75' lang='lat' dir='ltr'><strong>Fulunium,</strong></span> <span class='ocrx_word' id='word_1_333' title='bbox 1359 4384 1471 4460; x_wconf 87' lang='lat' dir='ltr'><strong>recepit</strong></span> 
     </span>
     <span class='ocr_line' id='line_1_39' title="bbox 321 4458 1430 4533; baseline -0.004 -14"><span class='ocrx_word' id='word_1_334' title='bbox 321 4461 420 4519; x_wconf 73' lang='lat' dir='ltr'><strong>Bentl.</strong></span> <span class='ocrx_word' id='word_1_335' title='bbox 497 4478 523 4517; x_wconf 79' lang='lat' dir='ltr'><strong>r.</strong></span> <span class='ocrx_word' id='word_1_336' title='bbox 537 4464 592 4518; x_wconf 81' lang='grc'><strong>361</strong></span> <span class='ocrx_word' id='word_1_337' title='bbox 614 4476 685 4517; x_wconf 75' lang='lat' dir='ltr'><strong>nexo</strong></span> <span class='ocrx_word' id='word_1_338' title='bbox 704 4478 812 4516; x_wconf 88' lang='lat' dir='ltr'><strong>omnes.</strong></span> <span class='ocrx_word' id='word_1_339' title='bbox 834 4475 907 4515; x_wconf 88' lang='lat' dir='ltr'><strong>corr.</strong></span> <span class='ocrx_word' id='word_1_340' title='bbox 928 4458 1006 4513; x_wconf 86' lang='lat' dir='ltr'><strong>Scal.</strong></span> <span class='ocrx_word' id='word_1_341' title='bbox 1097 4476 1121 4513; x_wconf 84' lang='lat' dir='ltr'><strong>v.</strong></span> <span class='ocrx_word' id='word_1_342' title='bbox 1136 4460 1192 4514; x_wconf 90' lang='grc'><strong>363</strong></span> <span class='ocrx_word' id='word_1_343' title='bbox 1212 4460 1302 4533; x_wconf 74' lang='lat' dir='ltr'><strong>potitus</strong></span> <span class='ocrx_word' id='word_1_344' title='bbox 1322 4477 1430 4517; x_wconf 85' lang='lat' dir='ltr'><strong>omnes.</strong></span> 
     </span>
     <span class='ocr_line' id='line_1_40' title="bbox 321 4533 1470 4605; baseline -0.005 -11"><span class='ocrx_word' id='word_1_345' title='bbox 321 4557 350 4596; x_wconf 83' lang='lat' dir='ltr'><strong>v.</strong></span> <span class='ocrx_word' id='word_1_346' title='bbox 364 4540 422 4597; x_wconf 85' lang='grc'><strong>365</strong></span> <span class='ocrx_word' id='word_1_347' title='bbox 445 4541 525 4603; x_wconf 57' lang='lat' dir='ltr'><strong>luas</strong></span> <span class='ocrx_word' id='word_1_348' title='bbox 544 4554 660 4605; x_wconf 80' lang='lat' dir='ltr'><strong>omoes3</strong></span> <span class='ocrx_word' id='word_1_349' title='bbox 679 4533 725 4591; x_wconf 75' lang='lat' dir='ltr'><strong>ool</strong></span> <span class='ocrx_word' id='word_1_350' title='bbox 745 4539 837 4602; x_wconf 81' lang='grc'>11666,</span> <span class='ocrx_word' id='word_1_351' title='bbox 858 4554 890 4591; x_wconf 86' lang='lat' dir='ltr'><strong>su</strong></span> <span class='ocrx_word' id='word_1_352' title='bbox 914 4553 1001 4591; x_wconf 87' lang='lat' dir='ltr'><strong>erscr.</strong></span> <span class='ocrx_word' id='word_1_353' title='bbox 1028 4535 1063 4591; x_wconf 93' lang='lat' dir='ltr'><strong>L.</strong></span> <span class='ocrx_word' id='word_1_354' title='bbox 1085 4534 1220 4591; x_wconf 88' lang='lat' dir='ltr'><strong>Fortasse</strong></span> <span class='ocrx_word' id='word_1_355' title='bbox 1239 4551 1321 4604; x_wconf 77' lang='lat' dir='ltr'><strong>vere3</strong></span> <span class='ocrx_word' id='word_1_356' title='bbox 1347 4537 1470 4592; x_wconf 87' lang='lat' dir='ltr'><strong>subeunt</strong></span> 
     </span>
     <span class='ocr_line' id='line_1_41' title="bbox 264 4554 1471 4687; baseline -0.006 -14"><span class='ocrx_word' id='word_1_357' title='bbox 264 4657 267 4662; x_wconf 87' lang='lat'><strong>.</strong></span> <span class='ocrx_word' id='word_1_358' title='bbox 321 4616 400 4673; x_wconf 75' lang='grc'>6666</span> <span class='ocrx_word' id='word_1_359' title='bbox 418 4632 485 4671; x_wconf 86' lang='lat' dir='ltr'><strong>eum</strong></span> <span class='ocrx_word' id='word_1_360' title='bbox 503 4612 609 4679; x_wconf 89' lang='lat' dir='ltr'><strong>Hoedi,</strong></span> <span class='ocrx_word' id='word_1_361' title='bbox 628 4621 657 4668; x_wconf 89' lang='lat' dir='ltr'><strong>et</strong></span> <span class='ocrx_word' id='word_1_362' title='bbox 676 4611 706 4668; x_wconf 88' lang='lat' dir='ltr'><strong>in</strong></span> <span class='ocrx_word' id='word_1_363' title='bbox 725 4612 787 4668; x_wconf 89' lang='lat' dir='ltr'><strong>eius</strong></span> <span class='ocrx_word' id='word_1_364' title='bbox 808 4612 869 4668; x_wconf 89' lang='lat' dir='ltr'><strong>sinu</strong></span> <span class='ocrx_word' id='word_1_365' title='bbox 883 4554 1004 4687; x_wconf 64' lang='lat' dir='ltr'><strong>(lapella</strong></span> <span class='ocrx_word' id='word_1_366' title='bbox 1025 4618 1077 4667; x_wconf 87' lang='lat' dir='ltr'><strong>est.</strong></span> <span class='ocrx_word' id='word_1_367' title='bbox 1105 4610 1242 4668; x_wconf 79' lang='lat' dir='ltr'><strong>eludentes</strong></span> <span class='ocrx_word' id='word_1_368' title='bbox 1263 4628 1370 4668; x_wconf 84' lang='lat' dir='ltr'><strong>omnes.</strong></span> <span class='ocrx_word' id='word_1_369' title='bbox 1390 4614 1471 4668; x_wconf 85' lang='lat' dir='ltr'><strong>Poo-</strong></span> 
     </span>
     <span class='ocr_line' id='line_1_42' title="bbox 266 4684 1468 4766; baseline -0.002 -21"><span class='ocrx_word' id='word_1_370' title='bbox 266 4733 271 4745; x_wconf 92' lang='lat'><strong>.</strong></span> <span class='ocrx_word' id='word_1_371' title='bbox 321 4698 450 4750; x_wconf 30' lang='lat' dir='ltr'><strong>hernon</strong></span> <span class='ocrx_word' id='word_1_372' title='bbox 467 4689 564 4749; x_wconf 80' lang='lat' dir='ltr'><strong>linitos</strong></span> <span class='ocrx_word' id='word_1_373' title='bbox 582 4697 635 4756; x_wconf 80' lang='lat' dir='ltr'><strong>est,</strong></span> <span class='ocrx_word' id='word_1_374' title='bbox 655 4687 708 4748; x_wconf 85' lang='lat' dir='ltr'><strong>sed</strong></span> <span class='ocrx_word' id='word_1_375' title='bbox 727 4696 832 4766; x_wconf 86' lang='lat' dir='ltr'><strong>pontus</strong></span> <span class='ocrx_word' id='word_1_376' title='bbox 852 4686 946 4745; x_wconf 80' lang='lat' dir='ltr'><strong>hieme</strong></span> <span class='ocrx_word' id='word_1_377' title='bbox 966 4687 1090 4745; x_wconf 84' lang='lat' dir='ltr'><strong>clausus.</strong></span> <span class='ocrx_word' id='word_1_378' title='bbox 1180 4688 1275 4743; x_wconf 74' lang='lat' dir='ltr'><strong>ueto</strong></span> <span class='ocrx_word' id='word_1_379' title='bbox 1295 4684 1413 4746; x_wconf 69' lang='lat' dir='ltr'><strong>Nobilis</strong></span> <span class='ocrx_word' id='word_1_380' title='bbox 1433 4685 1468 4743; x_wconf 84' lang='lat' dir='ltr'><strong>C.</strong></span> 
     </span>
    </p>
   </div>
   <div class='ocr_carea' id='block_1_7' title="bbox 320 4766 1244 4903">
    <p class='ocr_par' dir='ltr' id='par_1_10' title="bbox 320 4766 1244 4903">
     <span class='ocr_line' id='line_1_43' title="bbox 320 4766 1244 4903; baseline -0.001 -76"><span class='ocrx_word' id='word_1_381' title='bbox 320 4766 505 4827; x_wconf 82' lang='lat' dir='ltr'><strong>L.v.1.2.</strong></span> <span class='ocrx_word' id='word_1_382' title='bbox 1179 4836 1244 4903; x_wconf 20' lang='lat'><strong>2*-</strong></span> 
     </span>
    </p>
   </div>
   <div class='ocr_carea' id='block_1_8' title="bbox 0 0 1854 5609">
    <p class='ocr_par' dir='ltr' id='par_1_11' title="bbox 0 0 1854 5609">
     <span class='ocr_line' id='line_1_44' title="bbox 0 0 1854 5609; baseline 0 4"><span class='ocrx_word' id='word_1_383' title='bbox 0 0 1854 5609; x_wconf 95' lang='lat' dir='ltr'><strong> </strong></span> 
     </span>
    </p>
   </div>
  </div>
 </body>
</html>
