3700 5609
662 578 769 647 bruun
789 576 825 647 ll.
869 604 899 648 v.
924 592 1113 650 eoo-912.

373 747 529 817 Nondum
551 746 647 816 sentit
668 770 749 841 opus
771 753 891 835 mundi,
913 755 978 819 iam
1000 765 1109 845 sperat
1129 754 1294 822 honorem.

374 859 577 928 Daemonien
599 871 778 928 memorant
800 863 902 945 Graii,
923 863 1071 930 Romana
1093 888 1151 954 per
1174 888 1229 931 ora

376 971 550 1055 Quaeritur
570 972 603 1036 in
624 994 721 1038 versu
744 973 860 1040 titulus.
905 973 963 1040 sub
988 974 1085 1042 corde
1108 976 1216 1064 sagaci

374 1080 489 1148 Cende
510 1080 619 1148 locum
640 1103 823 1173 numenque
846 1084 898 1150 dei
917 1090 1102 1175 nomenque
1122 1084 1272 1175 potentis,

323 1208 365 1249 ort
378 1191 471 1277 Quae
493 1191 548 1258 tibi
569 1195 729 1281 posterius
751 1216 886 1284 magnos
915 1204 1109 1263 revocantur
1131 1195 1171 1262 ad
1193 1218 1280 1260 usus.

375 1300 437 1368 Hic
459 1312 621 1368 momenta
649 1313 781 1370 manent
806 1313 936 1370 nostrae
963 1304 1152 1395 plerumque
1174 1305 1294 1388 salutis,

373 1410 531 1505 Bellaque
552 1413 737 1479 morborum
758 1415 864 1481 caecis
886 1415 1061 1502 pugnantia
1083 1414 1154 1480 telis

833 1546 892 1613 per
913 1533 1001 1590 tanta
1024 1524 1165 1614 pericula
1187 1528 1298 1593 mortis

373 1634 507 1717 Viribus,
530 1634 714 1724 ambiguum
737 1634 872 1723 geminis
895 1655 1077 1723 causaeque
1100 1632 1224 1724 deique,

372 1744 469 1813 Nunc
491 1742 554 1810 huc
575 1767 663 1812 nunc
683 1742 758 1810 illuc
782 1752 903 1810 sortem
924 1745 1077 1810 mutantis
1100 1752 1244 1834 utraque.

319 1873 361 1915 ⁹⁰⁵
375 1854 443 1923 Sed
463 1853 605 1921 medium
627 1864 702 1945 post
722 1852 890 1920 articulum
913 1863 1109 1944 curvataque
1131 1854 1270 1944 primum

374 1964 523 2033 Culmina
545 1967 697 2030 mutantis
719 1986 846 2030 summo
869 1963 909 2029 de
931 1967 1051 2031 vertice
1073 1965 1185 2031 mundi

372 2074 513 2143 Aethera
533 2073 686 2142 Phoebus
707 2073 812 2140 habet.
857 2073 924 2141 Sub
947 2073 1162 2166 hoc·quoque
1185 2098 1320 2165 corpora
1341 2085 1451 2143 nostra

373 2186 547 2253 Declinant
567 2186 653 2267 vitia,
677 2194 709 2251 et
731 2185 890 2251 fortunam
912 2183 1031 2250 viribus
1055 2188 1122 2252 eius

374 2297 588 2387 Concupiunt.
632 2294 723 2361 Deus
745 2293 799 2360 ille
820 2295 911 2361 locus
931 2294 989 2360 sub
1012 2296 1141 2361 nomine
1165 2295 1263 2361 Graio

319 2428 362 2469 oro
375 2408 509 2477 Dicitur.
553 2405 638 2473 Huic
661 2406 796 2472 adversa
818 2407 934 2486 nitens,
955 2427 1037 2494 quae
1059 2405 1161 2493 prima
1186 2406 1324 2498 resurgit

373 2519 511 2587 Sedibus
534 2542 577 2585 ex
598 2518 678 2598 imis,
699 2516 880 2606 iterumque
902 2516 1026 2584 reducit
1048 2514 1223 2606 Olympum

372 2631 453 2697 Pars
475 2628 595 2709 mundi,
616 2626 804 2718 fulvumque
826 2628 905 2693 nitet
927 2628 1102 2717 mortisque
1123 2626 1290 2716 gubernat,

302 2902 338 2961 A.
365 2920 391 2958 v.
405 2903 463 2960 897
482 2898 662 2957 Daemonion
758 2916 784 2953 r.
801 2900 858 2955 898
878 2915 960 2954 verso
1039 2916 1063 2952 v.
1077 2900 1133 2955 902
1153 2898 1252 2953 taetris
1271 2928 1309 2936 —
1330 2915 1355 2952 r.
1375 2896 1509 2953 dimidius

365 2978 457 3035 deest.
556 2995 579 3032 v.
594 2979 650 3033 903
672 2975 810 3049 ambiguis
830 3006 869 3015 -
888 2992 1033 3048 causaque
1054 2973 1112 3031 diei
1209 2991 1234 3030 v.
1249 2974 1306 3032 904
1325 2980 1467 3048 utrunque

364 3074 390 3112 v.
405 3057 460 3112 905
480 3074 510 3130 p.
524 3061 601 3110 astra
613 3051 690 3109 diem
767 3071 793 3107 v.
808 3056 863 3109 906
876 3053 1001 3107 nutantis
1079 3069 1104 3108 v.
1120 3055 1176 3111 907
1189 3058 1265 3107 amat
1276 3069 1382 3127 —quo
1396 3068 1511 3126 quoque

363 3136 461 3190 usos
479 3131 646 3187 Deceruunt
742 3134 839 3187 ν.909
866 3128 1040 3205 Concipiunt
1136 3146 1160 3185 v.
1177 3132 1233 3186 910
1252 3126 1319 3183 binc
1415 3145 1441 3183 v.
1455 3131 1512 3186 912

364 3218 534 3285 noctemque
554 3227 582 3282 g.

302 3337 337 3400 S.
364 3357 391 3395 r.
406 3342 463 3397 898
484 3337 595 3393 inverso
615 3332 756 3392 -deest
777 3351 848 3390 vers.
870 3332 969 3390 dimid.
1086 3351 1111 3389 v.
1127 3336 1362 3407 903eaussaque
1382 3331 1441 3389 diei

364 3434 391 3472 v.
406 3414 462 3473 904
482 3422 631 3488 utramque
718 3429 744 3466 v.
759 3413 815 3468 905
835 3410 923 3468 medii
941 3419 1007 3489 post
1027 3418 1106 3466 astra
1127 3409 1173 3468 die
1267 3428 1294 3468 r.
1309 3412 1365 3469 906
1384 3409 1510 3466 nutantis

363 3510 390 3549 v.
405 3495 461 3550 907
481 3498 558 3547 amat
577 3522 615 3530 -
635 3507 692 3564 quo
770 3504 796 3543 v.
811 3491 868 3547 908
886 3488 1052 3544 Decernunt
1070 3520 1108 3527 —
1128 3507 1164 3545 ex
1185 3488 1234 3545 vir.
1320 3505 1345 3545 v.
1358 3489 1414 3546 909
1430 3485 1508 3543 Con-

363 3567 472 3647 cipiunt
549 3585 575 3623 r.
590 3570 645 3625 911
667 3567 768 3622 iterum
847 3568 1133 3640 1.9121101111111(]ιιθ
1153 3583 1182 3641 g.

302 3697 339 3755 B.
361 3715 387 3754 v.
401 3698 457 3754 896
479 3715 550 3752 onus
630 3713 654 3751 v.
669 3696 725 3752 898
745 3702 774 3747 tu
797 3713 821 3749 c.
900 3712 925 3749 v.
940 3697 996 3752 900
1017 3702 1186 3751 revocentur
1201 3726 1239 3733 —
1254 3712 1294 3751 vs.
1308 3690 1405 3749 dimid.
1419 3693 1510 3749 abest.

361 3791 388 3831 v.
403 3777 459 3831 903
480 3773 613 3846 ambigua
630 3772 659 3827 in
678 3802 716 3811 -
736 3788 877 3846 casusque
888 3770 917 3827 d.
995 3790 1022 3828 r.
1037 3772 1094 3829 904
1115 3780 1261 3846 utramque
1339 3773 1509 3828 19061111·

361 3851 447 3907 tantis
542 3868 568 3905 r.
583 3851 641 3907 907
659 3848 774 3922 Degere
793 3848 845 3904 Ph.
868 3856 944 3904 amat
963 3881 1001 3888 —
1027 3867 1083 3923 quo
1104 3865 1219 3923 quoque
1298 3865 1323 3902 v.
1338 3850 1395 3904 908
1419 3843 1509 3901 Dotes

361 3936 435 3985 etr.
456 3959 494 3968 —
514 3946 550 3984 ex
570 3927 621 3983 vir.
702 3944 728 3981 v.
742 3929 798 3982 909
820 3925 993 4001 Concipiunt
1072 3944 1096 3981 r.
1113 3928 1169 3982 912
1188 3924 1357 3999 furvumque

302 4056 340 4114 V.
360 4073 388 4112 r.
403 4059 460 4113 898
480 4056 613 4111 inversu
638 4054 674 4111 V.
684 4058 714 4110 2.
729 4052 764 4108 L.
785 4083 823 4092 —
844 4070 941 4108 versus
963 4052 1126 4109 dimidiatus
1147 4052 1251 4127 legitur
1270 4052 1311 4108 sic
1331 4052 1360 4107 in
1380 4052 1417 4107 V.
1431 4054 1459 4107 2.
1481 4051 1511 4106 iu

359 4133 397 4189 1..
417 4132 500 4187 unius
520 4150 618 4189 versus
640 4131 762 4208 spatium
782 4129 911 4185 relietum
933 4137 985 4185 est.
1064 4148 1088 4185 v.
1103 4133 1159 4188 903
1180 4125 1428 4204 οα1ιεαᾳ111ἀ11ᾳ111
1448 4146 1509 4183 orn-

361 4227 429 4278 nes;
448 4206 526 4281 (dtu
546 4208 582 4265 G.
604 4208 658 4264 sed
683 4224 842 4282 auersusque
861 4206 897 4262 V.
910 4209 938 4261 2.
959 4224 974 4262 s
994 4224 1067 4262 eras.
1090 4208 1117 4262 in
1138 4207 1173 4262 L.
1204 4206 1267 4280 Ego
1288 4206 1408 4262 correxi.

360 4303 387 4342 v.
402 4285 460 4343 904
478 4292 527 4342 utr
567 4303 599 4340 ue
619 4302 726 4340 omnes.
757 4283 794 4337 Et
815 4291 891 4341 amat
911 4282 983 4339 baec
1003 4282 1138 4339 adverbia
1153 4283 1193 4339 M.
1273 4301 1298 4339 v.
1314 4285 1369 4341 905
1389 4279 1511 4339 aredium

358 4368 427 4438 post
447 4366 528 4419 ostro
569 4365 620 4418 tom
642 4378 750 4417 ornnes.
772 4378 844 4415 corr.
865 4359 901 4414 B.
982 4378 1004 4415 r.
1020 4364 1076 4418 906
1097 4360 1228 4417 restantis
1249 4361 1354 4429 ceteri,
1375 4362 1511 4418 mutantis

359 4440 397 4497 V.
408 4442 437 4495 2.
459 4438 537 4513 quod
557 4439 678 4495 doctius.
768 4455 792 4492 r.
807 4440 863 4493 907
887 4434 1013 4493 Phoebes
1032 4443 1082 4494 ortt
1102 4455 1209 4494 ornnes.
1249 4436 1311 4512 Ego
1332 4438 1452 4496 correxi.
1473 4467 1511 4477 -

360 4517 414 4575 boo
434 4534 490 4572 orn.
511 4535 624 4586 omnes3
645 4533 699 4589 ego
721 4512 830 4569 addidi.
927 4532 951 4570 v.
966 4519 1023 4572 908
1043 4517 1205 4571 Dromo-not
1224 4533 1332 4572 omnes.
1360 4516 1423 4590 Ego
1444 4533 1508 4571 cor-

360 4595 432 4652 rexi.
463 4609 498 4649 ac
517 4592 659 4650 stabilitur
677 4609 761 4648 versu
781 4590 920 4667 proximo,
942 4593 988 4647 ubi
1009 4610 1044 4648 ex
1065 4590 1211 4659 antitheto,
1234 4593 1417 4670 Gonomlunt,
1432 4589 1510 4668 quod

361 4685 460 4728 omnes
480 4669 568 4727 libros
588 4676 703 4725 secutus
723 4666 834 4724 reduxi.
922 4686 948 4724 v.
964 4672 1020 4727 910
1041 4666 1093 4725 buo
1114 4666 1237 4727 aduorso
1257 4687 1366 4729 omnes.
1388 4667 1510 4727 correxit

359 4745 439 4806 Stel.
517 4763 542 4803 1.
557 4749 613 4807 912
633 4747 786 4822 mortisque
805 4761 914 4802 omnes.
