3700 5609
318 596 362 664 45
710 558 816 666 Laesa
836 592 872 664 ll.
916 620 948 662 v.
973 603 1122 664 tto-ao.

383 764 426 831 Et
446 788 556 833 morsu
579 790 740 847 cancrum,
763 769 866 856 pisces
891 764 1085 854 Cythereide
1108 788 1212 844 versa,

384 873 580 965 Lanigerum
602 877 687 941 victo
711 877 881 944 ducentem
904 875 1008 942 sidera
1030 884 1141 963 ponto,

346 1004 371 1042 ³⁵
386 984 567 1075 Ceteraque
591 1011 632 1052 ex
653 986 749 1052 variis
772 986 943 1075 pendentia
968 985 1093 1050 casibus
1117 993 1203 1052 astra

383 1094 522 1160 Aethera
544 1119 602 1184 per
621 1118 783 1162 summum
804 1094 975 1160 voluerunt
997 1091 1061 1158 fixa
1082 1093 1214 1162 revolvi.
1323 1155 1325 1160 ,
1353 1105 1369 1148 ,·

383 1206 529 1289 Quorum
553 1203 744 1269 carminibus
765 1202 843 1270 nibil
863 1212 913 1269 est
933 1204 994 1273 nisi
1015 1202 1121 1274 fabula
1143 1200 1279 1281 caelum,
1361 1269 1364 1274 .

383 1316 525 1381 'Perrave
549 1316 729 1401 composuit
751 1309 886 1392 caelum,
909 1336 991 1401 quae
1014 1313 1133 1401 pendet
1155 1311 1279 1378 abillo.
1342 1373 1345 1378 .
1407 1373 1410 1380 ,
1438 1361 1443 1384 ,

386 1424 472 1507 Quin
496 1424 591 1488 etiam
613 1424 690 1488 ritus
718 1444 938 1511 pecorumque
968 1433 1000 1488 et
1022 1424 1112 1490 Pana
1133 1430 1301 1490 'sonantem

346 1530 419 1598 toln
443 1531 584 1600 calamos
606 1530 714 1598 Sicula
737 1540 896 1597 memorat
916 1531 1030 1599 tellure
1052 1542 1194 1616 creatus3
1227 1587 1229 1592 .

383 1644 456 1711 Nec
477 1641 564 1707 silvis
587 1640 732 1708 silvestre
756 1642 855 1722 canit,
876 1665 998 1731 perque
1020 1642 1149 1708 horrida
1170 1652 1275 1710 mobis

384 1754 471 1820 Rura
495 1753 572 1817 sen't
593 1750 704 1833 dulcis,
726 1774 917 1841 musamque
938 1743 1060 1818 inducit
1078 1753 1112 1818 in
1135 1776 1222 1820 arva.

384 1862 470 1929 Ecce
494 1862 573 1927 alius
600 1863 701 1950 pictas
731 1860 880 1928 volucres
909 1884 947 1927 ac
974 1861 1057 1928 bella
1079 1864 1218 1966 ierpram

382 1971 439 2039 Ille
458 1981 634 2038 venenatos
658 1973 781 2061 anguis,
803 1970 855 2037 hic
876 1980 953 2037 nata
973 1995 1032 2062 per
1049 1972 1167 2040 herbas

347 2100 372 2141 rs
385 2081 465 2148 Fata
487 2080 592 2160 refert,
613 2081 777 2167 vitamque
801 2102 861 2146 sua
882 2081 990 2150 radice
1010 2083 1149 2149 ferentis.

385 2192 470 2277 Quin
493 2191 588 2255 etiam
609 2188 749 2256 tenebris
770 2190 957 2259 immersum
980 2199 1120 2258 tartaron
1146 2199 1251 2258 atrum

384 2300 421 2368 ln
443 2300 550 2367 lucem
572 2299 611 2365 de
632 2306 729 2366 nocte
751 2307 880 2381 vocant,
902 2300 1077 2389 orbemque
1097 2298 1268 2368 revolvunt

384 2411 520 2479 interius
542 2432 682 2489 versum,
703 2417 838 2475 naturae
859 2409 991 2478 foedere
1011 2420 1115 2500 rupto.

386 2522 491 2587 Omne
514 2541 616 2608 genus
638 2540 746 2585 rerum
769 2517 884 2584 doctae
907 2520 1054 2587 cecinere
1075 2542 1218 2600 sorores;

348 2650 374 2689 ⁵0
388 2630 499 2696 Omnis
523 2628 563 2693 ad
587 2649 737 2693 accessus
759 2625 923 2692 Heliconis
945 2632 1059 2695 semita
1082 2632 1154 2695 trita
1176 2637 1235 2709 est,
1300 2693 1304 2698 ,
1370 2677 1373 2682 -

385 2740 512 2805 Etiam
534 2740 658 2806 confusi
679 2745 812 2802 manant
834 2736 873 2802 de
897 2736 1035 2804 [ontibus
1057 2761 1177 2820 amnes,

383 2850 455 2920 Nec
478 2850 608 2938 capiunt
628 2844 780 2912 baustum
801 2846 990 2935 turbamque
1012 2847 1053 2913 ad
1074 2858 1152 2914 nota
1173 2857 1329 2922 ruentem.

383 2959 511 3050 Integra
535 2979 725 3048 quaeramus
749 2957 884 3022 rorantis
906 2965 996 3045 prata
1017 2980 1077 3046 per
1097 2957 1223 3038 herbas,

384 3072 578 3159 Undamque
600 3065 733 3134 occultis
753 3065 962 3138 meditantem
985 3068 1182 3134 murmuria
1205 3066 1314 3149 antris,

348 3200 373 3241 ss
387 3182 494 3265 Quam
515 3202 621 3267 neque
643 3176 755 3244 durato
779 3185 947 3264 gustarunt
969 3198 1024 3242 ore
1046 3177 1205 3271 volucres,

321 3382 356 3438 A.
383 3398 409 3435 r.
423 3382 461 3436 38
482 3378 633 3449 Terraque
714 3391 740 3428 r.
755 3376 791 3431 39
811 3391 949 3449 pecorum
969 3373 1039 3428 ritus
1107 3375 1185 3433 v.-i2
1204 3377 1234 3432 in
1255 3396 1339 3433 auras
1402 3376 1479 3435 ata
1499 3386 1528 3435 et

378 3455 458 3513 bella
573 3470 596 3507 v.
611 3451 648 3507 46
668 3451 835 3506 imrnensum
853 3458 961 3505 tartara
980 3459 1076 3505 natum
1199 3471 1225 3510 r.
1241 3456 1279 3511 52
1294 3453 1336 3510 ad
1347 3464 1461 3518 carme
1516 3491 1523 3497 .

322 3649 354 3708 S.
380 3666 407 3703 v.
421 3650 459 3704 38
480 3646 631 3720 Terraque
727 3662 752 3698 v.
767 3644 804 3700 39
824 3661 961 3719 pecorum
981 3644 1050 3699 ritus
1071 3655 1101 3701 et
1196 3664 1221 3703 v.
1236 3646 1274 3705 42
1293 3645 1448 3723 musasque

379 3723 457 3785 aa&
474 3733 506 3780 et
525 3722 602 3781 betta
706 3722 783 3777 aas
804 3721 944 3795 gustarint

321 3851 358 3911 B.
379 3871 404 3909 v.
415 3851 456 3910 ’39
474 3829 546 3907 ritus
567 3857 714 3927 pastorum
811 3864 836 3902 r.
851 3847 890 3903 42
908 3845 939 3901 in
959 3843 1040 3903 antra
1137 3866 1162 3905 r.
1177 3847 1214 3907 43
1235 3849 1313 3918 secla
1332 3848 1461 3917 seranum

381 3948 406 3986 r.
420 3928 458 3985 44
478 3928 605 4002 gramina
625 3935 654 3981 et
672 3924 776 3980 berbas
893 3941 917 3978 v.
932 3924 968 3981 45
989 3923 1108 3981 vitamve
1223 3946 1249 3983 v.
1263 3927 1300 3984 46
1322 3928 1391 3984 atris

379 4023 406 4062 v.
421 4007 457 4064 55
477 4004 615 4080 gustarint

324 4133 360 4192 V.
382 4151 408 4191 v.
422 4137 459 4189 33
478 4129 561 4203 {isoes
575 4126 615 4184 V.
633 4131 699 4185 t.2.
723 4128 757 4183 C.
816 4118 818 4122 ’
841 4146 867 4184 v.
882 4129 919 4184 36
939 4126 1074 4185 Fortasse
1095 4126 1255 4203 legendum,
1275 4127 1390 4186 resolvi.
1418 4127 1528 4205 Legem

382 4219 536 4274 aeternam,
557 4224 614 4280 qua
633 4204 690 4261 fixa
702 4223 756 4280 per
768 4224 907 4260 summum
918 4204 1036 4260 aedrera
1049 4213 1127 4261 astra
1139 4213 1213 4271 sunt,
1225 4204 1332 4260 sabulis
1342 4204 1416 4262 fictis
1430 4207 1526 4263 solra-

380 4288 459 4342 bant.
556 4301 582 4339 v.
597 4286 635 4339 38
657 4286 799 4355 Terraque
810 4282 844 4336 L.
875 4284 964 4337 Terra
981 4281 1016 4336 C.
1045 4284 1134 4337 Terra
1154 4288 1188 4336 at
1208 4281 1283 4337 V.1.
1310 4285 1435 4338 Terrore
1448 4282 1486 4338 V.
1498 4286 1528 4339 2.

379 4378 408 4416 r.
421 4365 458 4418 39
478 4362 554 4417 ritus
572 4377 702 4433 pecorum
713 4357 747 4413 L.
760 4357 794 4413 C.
819 4374 1005 4431 pecorumque
1015 4363 1043 4412 et
1054 4374 1131 4430 pono
1144 4356 1180 4411 V.
1193 4362 1219 4413 t.
1232 4361 1260 4413 2.
1281 4356 1348 4434 (sed
1363 4357 1411 4414 hic
1426 4356 1527 4430 nono.)

320 4471 322 4476 ·
382 4436 460 4493 nd2
480 4452 652 4509 causamque
671 4434 785 4490 V.1.2.
806 4435 835 4488 ta
856 4449 947 4488 ouras
966 4444 1080 4501 omnes;
1099 4451 1171 4489 corr.
1193 4432 1270 4489 Scal.
1373 4433 1452 4491 att
1472 4453 1528 4491 oa-

381 4515 446 4586 paie
464 4510 501 4566 V.
517 4514 545 4565 2.
564 4511 599 4566 L.
626 4510 880 4583 sadduceorum
998 4508 1074 4565 nto
1100 4511 1257 4566 maroneam
1281 4516 1403 4567 tortora
1428 4517 1530 4568 natam

323 4597 328 4605 ’
382 4605 496 4656 omnem
527 4603 600 4642 corr.
620 4586 699 4643 Scal.
797 4588 873 4642 v.50
898 4582 1040 4642 beltooaea
1059 4603 1166 4642 ornnes.
1300 4604 1327 4640 r.
1342 4589 1380 4643 52
1400 4586 1439 4642 ud
1456 4594 1530 4644 nata

382 4663 420 4721 V.
439 4668 466 4721 1.
482 4666 509 4718 2.
532 4661 566 4720 C.
664 4661 938 4721 asamonaei..
1041 4679 1066 4717 v.
1082 4663 1118 4720 55
1142 4668 1296 4735 portarent
1311 4662 1347 4719 C.
1370 4669 1530 4737 proterunt

381 4742 419 4802 V.
433 4744 499 4800 1.2.
519 4738 553 4795 L.
575 4738 623 4815 (in
642 4737 698 4794 boc
717 4748 782 4795 ante
802 4739 897 4795 fuerat
913 4739 1084 4811 parturiat.)
